3098 4884
280 359 367 426 4384
646 375 677 425 o.
701 375 821 424 norun
846 375 1007 426 sncuunr

279 520 359 584 ritas
384 519 534 584 materiae
559 519 757 604 excipientis
781 521 941 584 umbram.
991 517 1104 605 Atque
1127 524 1163 583 ut
1189 518 1305 584 omnia
1332 518 1381 582 (le

279 620 427 703 speculis
441 630 640 705 peragantur
654 619 719 684 boc
734 623 823 700 loco,
832 622 959 704 optima
974 622 1063 704 apud
1081 620 1223 704 majores
1238 620 1384 684 suerent

280 721 492 796 Brundisina,
506 730 624 786 stanno
636 731 648 771 ⁷
663 729 698 788 et
711 741 776 787 sere
790 725 914 788 mixtis.
951 723 1099 786 Praelate
1113 727 1189 784 sunt
1204 729 1381 803 argentea.

279 820 437 887 Primus⁸
452 823 533 888 feeit
546 823 762 901 Praxiteles,¹
776 823 896 906 Magni
912 823 1067 908 Pompeii
1092 828 1204 887 aetate.
1250 823 1380 905 Nuper

277 922 369 987 credi
384 932 547 1008 coeptum,
562 925 729 990 certiorem
745 924 921 1007 imaginem
935 924 1038 1000 reddi,
1053 942 1135 987 euro
1156 925 1377 1006 opposito⁹³

278 1043 418 1090 aversis.

322 1141 430 1189 xnvr.
452 1127 590 1208 Tinguit
604 1132 637 1189 et
651 1127 819 1210 AEgyptns
843 1131 1021 1207 argentum,
1048 1131 1083 1190 ut
1108 1127 1141 1189 in
1167 1125 1259 1189 rasis
1273 1123 1375 1188 Anu-

278 1230 352 1292 bem
386 1236 505 1292 suum⁸
534 1235 678 1312 spectet:
708 1229 894 1311 pingitque,
920 1246 988 1291 non
1029 1228 1131 1292 caelet
1171 1234 1371 1307 argentum-¹

277 1329 413 1394 Transit
426 1330 501 1394 inde
515 1330 654 1394 materie
668 1330 758 1394 etad
774 1328 986 1413 triumphales
1002 1334 1151 1394 statuas:
1172 1328 1373 1410 mirumque,

277 1431 398 1495 crescit
412 1431 551 1515 pretium
567 1431 706 1512 fulgoris
721 1431 911 1497 excecati:
942 1431 984 1496 Id
1000 1439 1111 1496 autem
1123 1429 1160 1494 fit
1171 1429 1238 1494 boc
1249 1429 1370 1494 modo:

275 1531 455 1595 miscentur
478 1537 611 1613 argento
640 1532 744 1598 tertie
769 1530 891 1596 ueris*
912 1529 1028 1616 Cyprii
1054 1531 1250 1607 tenuissimi,
1271 1531 1368 1612 qnod

276 1633 485 1696 coronarium
500 1637 631 1710 vocant,
648 1638 681 1697 et
695 1631 833 1696 sulforis
849 1633 929 1710 viri,
947 1639 1103 1714 quantum
1117 1633 1254 1714 argenti.
1276 1631 1370 1695 Gon-

274 1731 395 1796 llantur
416 1733 485 1796 ito³
508 1731 542 1795 in
555 1732 652 1796 fictili
666 1732 1001 1814 circumlito-argilla.
1044 1731 1172 1816 Modus
1188 1732 1369 1815 coquendi,

274 1831 380 1896 donec
395 1853 433 1897 se
447 1835 524 1915 ipsa
544 1833 723 1917 opereula⁸
738 1834 902 1916 aperient.
948 1833 1119 1915 Nigrescit
1140 1839 1174 1896 et
1198 1833 1253 1896 ovi
1268 1831 1369 1896 indn-

272 1933 335 1996 rati
350 1933 454 2010 luteo,
470 1941 506 1996 ut
521 1939 628 1998 tamen
644 1943 742 1999 aceto
758 1943 792 1999 et
807 1940 899 1998 creta
913 1934 1123 1999 deteratur.⁴⁰

317 2033 458 2098 Miscuit
483 2034 619 2100 denario
643 2037 791 2100 triumvir
810 2031 975 2100 Antonius
1001 2035 1132 2099 sermm.
1176 2033 1367 2098 Miscentur

272 2143 361 2202 aera⁵
376 2138 470 2202 salse
484 2135 653 2202 monetes.d
695 2139 764 2204 Alii
790 2159 809 2202 e
836 2138 978 2222 pondere
1002 2137 1208 2214 subtrabunt,
1224 2158 1299 2202 cum
1315 2137 1362 2202 sit

302 2323 315 2346 ·
334 2313 492 2372 ouum,
503 2313 580 2364 aare
590 2315 657 2364 ems
949 2314 1082 2366 resson.
1099 2287 1102 2294 ’

725 2428 740 2447 Ι
743 2425 849 2446 venen
852 2425 910 2448 uu

270 2539 331 2589 vet.
341 2553 371 2587 es
382 2544 517 2590 erecte-b
533 2539 607 2591 idem
624 2541 686 2590 Vet-
695 2546 845 2604 regesta-⁷
863 2540 928 2591 Cod.
940 2541 1031 2590 Deles.
1040 2539 1141 2600 ssereal
1155 2544 1178 2588 et
1189 2538 1340 2590 bbeliseisae
1350 2557 1363 2590 e

269 2608 413 2654 eseam-s
431 2605 491 2680 Vel:
512 2605 600 2655 belec.
620 2611 741 2667 argesten,
759 2622 812 2669 qao
824 2606 974 2670 priseae-⁹
990 2605 1031 2653 lte
1043 2619 1074 2654 es
1086 2602 1163 2654 codd.
1175 2603 1322 2654 llsrtluicus
1333 2614 1364 2656 et

269 2670 814 2794 ncceffimnarnmmloMbgngrsrmttwd‘eest
832 2733 857 2784 in
875 2733 933 2783 cod.
947 2705 1087 2782 Delta-b
1103 2719 1145 2779 lta
1156 2745 1189 2779 ex
1200 2731 1277 2780 codd.
1293 2731 1363 2780 llar-

268 2794 363 2844 doinur
375 2804 402 2845 et
411 2803 523 2846 receutt.
540 2799 612 2846 tertie
619 2799 740 2860 pereurris
749 2799 863 2848 Gronov.
874 2807 900 2847 et
915 2798 999 2860 rulgg.
1025 2795 1191 2854 attestante.
1200 2795 1258 2846 eod.
1271 2797 1362 2846 Dalee.

267 2863 315 2909 -t
335 2860 393 2908 Vet.
405 2861 496 2908 Dalee.
512 2861 577 2918 istu,·
598 2862 624 2908 iu
644 2861 700 2910 aliis
718 2864 776 2912 cod.
794 2862 1015 2912 desiderares-s
1033 2861 1094 2907 Vet.
1107 2859 1238 2908 Dalecsie
1249 2865 1364 2909 teseesat
1389 2905 1398 2922 ,

267 2937 303 2972 ee.
313 2927 337 2971 et
349 2938 383 2972 er.
392 2927 589 2985 detergerem-e
608 2925 650 2973 lta
660 2925 773 2976 Bodens
784 2937 813 2977 et
823 2929 856 2977 al.
865 2942 907 2990 ap.
915 2927 1007 2976 Delec.
1035 2925 1138 2973 Mbceus
1145 2939 1194 2972 esre
1202 2925 1259 2974 coel.
1269 2926 1363 2976 Dalec.

267 2986 384 3036 Miscetur
393 2989 438 3035 aers'
449 2989 563 3038 Gronov.
573 2997 600 3038 et
613 2989 698 3054 rulgg.
730 2992 803 3047 Mox,
822 2988 978 3049 rerbafelsoe
988 2993 1087 3038 msetoe
1102 2989 1228 3052 glossema
1242 2989 1364 3038 videntur

756 3121 868 3171 NOTAE

265 3213 333 3262 enlm
345 3213 396 3264 duo
416 3217 526 3266 omniurn
544 3215 598 3267 lere
616 3231 739 3268 consensu
752 3229 796 3265 ue·
836 3231 887 3281 qne
899 3217 924 3264 in
936 3230 1029 3266 averse
1040 3223 1113 3280 parte
1125 3218 1239 3282 alligant.

265 3293 376 3342 cessaria
404 3296 435 3343 etl
466 3297 629 3359 speculorum
660 3303 794 3346 naturam:
867 3295 1362 3360 ⁸Aeelmma1AE35psiemmneue

264 3371 795 3437 nempeeorpcrislevitas,qnaunnquam
830 3369 939 3426 Ἄνουβις
964 3379 1012 3432 est,
1032 3385 1106 3434 quem
1129 3371 1283 3421 Mercurium
1302 3386 1362 3422 esse

265 3451 306 3493 est
317 3445 372 3494 slne
383 3447 520 3508 splendore
531 3465 538 3510 ς
556 3451 664 3500 alterum
675 3457 723 3512 est,
731 3447 793 3498 den·
835 3446 909 3495 multi
920 3445 1016 3495 solunt.
1049 3446 1150 3494 canino
1159 3445 1179 3494 ie
1190 3447 1277 3508 capite
1289 3447 1363 3510 pingi

263 3518 338 3568 sitas.
370 3518 401 3567 1n
415 3520 481 3584 Reg.
492 3527 516 3570 2.
534 3539 603 3586 paen
618 3525 712 3586 digesta
722 3525 793 3573 eleri-
835 3521 860 3570 in
872 3520 1105 3570 commisculet-J
1117 3521 1215 3570 canino
1233 3522 1254 3570 is
1272 3521 1363 3584 eapite

262 3596 419 3644 tutaminis
425 3599 589 3660 etmeipieetis
595 3599 713 3648 morea.-
722 3598 792 3649 t‘orte
833 3595 904 3660 plngi
916 3597 941 3644 iu
954 3596 1064 3645 nummis
1078 3595 1294 3659 rnlgo,sedfalso,
1303 3611 1363 3647 cre·

263 3671 399 3732 sincerius,
410 3671 431 3719 si
443 3671 518 3721 niodo
526 3673 644 3736 accipiens
655 3673 735 3736 legas,
746 3687 792 3736 pro
832 3669 920 3718 ditur!
938 3671 985 3718 Ed.
996 3685 1042 3720 see.

262 3749 409 3810 accipientis.
780 3777 783 3792 .
864 3742 978 3792 bl'erts'ee
992 3744 1059 3808 eris]
1083 3745 1263 3811 subintellige,
1280 3749 1362 3812 ‘par-

295 3829 308 3855 ¹
326 3823 473 3886 Praxiteles]
497 3823 539 3872 De
558 3837 590 3872 es
605 3819 712 3873 iuferius
730 3837 789 3887 cap.
830 3817 890 3868 tes!

296 3930 303 3945 .
860 3896 1032 3961 ‘Detereter
1054 3896 1140 3946 Abest
1152 3897 1258 3960 nigredo
1269 3911 1310 3948 ea.
1347 3937 1350 3946 .

295 3981 306 4016 r
322 3974 388 4022 Aere
399 3973 514 4037 opposite]
530 3974 572 4022 Sic
585 3973 650 4036 lleg.
661 3976 686 4022 2.
697 3980 724 4022 et
736 3973 789 4034 alii,
860 3970 872 4006 θ
889 3973 1023 4024 Mbceetsr
1039 3991 1089 4024 oere
1100 3975 1174 4035 salse
1184 3975 1293 4038 mosen]
1315 3976 1361 4026 Sic

264 4063 313 4097 noo
324 4050 445 4112 apposite:
463 4051 509 4098 lroc
517 4057 568 4106 eet,
579 4049 603 4098 in
613 4063 704 4098 averse
712 4057 789 4111 parte
829 4047 896 4111 Reg.
908 4053 933 4098 2·
944 4063 1004 4112 non,
1014 4058 1042 4100 ut
1053 4053 1080 4101 in
1091 4049 1163 4101 libris
1173 4051 1362 4102 becteuusedi-

263 4125 357 4184 posito.
389 4125 434 4174 Sic
453 4125 546 4174 nostris
562 4137 577 4172 e
598 4124 664 4174 vitro
678 4123 789 4189 speculis
830 4124 874 4187 tis,
884 4125 983 4176 Miscuit
993 4128 1044 4176 oeri.

264 4197 359 4248 Veneti
369 4207 520 4262 argenteon
533 4199 662 4250 bracteam
674 4198 788 4264 qirsndo·

262 3903 293 3946 ⁶⁵
