3100 4898
255 413 342 482 tuto
476 471 479 480 ,
619 427 651 475 o.
675 426 795 489 rerunt
820 426 982 476 snourtnr
1017 429 1020 437 Δ

257 579 448 640 autumnum
459 569 603 648 tradunt,
617 573 792 655 magisque
806 569 927 653 supino
942 569 1071 647 cubitu,
1088 574 1242 653 etprouo
1253 569 1347 636 nilril.

256 671 528 758 Theophrastusl
560 673 700 738 celerius
726 674 892 756 concoqui
912 671 1022 736 dextri
1046 672 1161 736 lateris
1184 672 1348 748 incubitu,

257 775 425 841 difficilius
439 794 462 839 a
475 775 617 859 supinis.
655 775 715 840 Sul
731 771 909 858 quoqne⁶⁰
931 774 1151 840 remediorum
1166 776 1350 838 maximum

257 879 301 954 ab
317 879 393 960 ipso
408 877 474 942 sint
490 876 644 960 prestari
659 883 779 960 potest,
791 877 877 941 sicut
889 872 1082 940 linteorumd
1104 877 1349 959 strigiliumque

257 979 485 1046 vehementia:
517 977 714 1061 perfundere
739 983 862 1060 ocput⁸
896 976 1008 1043 calida
1036 984 1111 1042 unte
1140 977 1351 1043 balinearum

258 1083 523 1166 vaporationem,
538 1089 573 1146 et
588 1085 705 1165 postea
726 1079 847 1162 frigide
870 1080 1124 1154 saluberrimum
1145 1079 1351 1161 intelligitur,

260 1183 345 1251 Item
367 1179 593 1266 praesumeref
612 1183 712 1258 cibis,
726 1189 761 1246 ot
775 1181 986 1266 interponere
999 1179 1166 1263 frigidum,
1186 1180 1351 1265 ejusdem-

261 1304 326 1367 que
341 1292 423 1368 potu
440 1303 578 1348 somnos
605 1282 814 1360 antecedere,
840 1288 887 1360 et,
912 1284 941 1345 si
962 1282 1081 1361 libeat,
1106 1281 1352 1365 interrumpere.

165 1371 168 1378 ’
261 1385 469 1462 Notandum,
485 1385 609 1450 nullum
626 1384 717 1449 aliud
734 1384 859 1449 animal
874 1382 1004 1448 calidos
1020 1389 1120 1468 potus
1132 1385 1239 1466 sequi,
1260 1383 1352 1448 iden·

261 1505 325 1570 que
338 1507 401 1552 non
412 1505 485 1552 esse
498 1486 679 1552 naturales.
723 1484 821 1550 Mero
838 1490 935 1550 ante⁸
957 1503 1090 1550 somnos
1105 1485 1254 1550 colluere
1281 1505 1352 1564 ore,

146 1599 151 1607 '
260 1597 398 1672 propter
425 1590 560 1667 halitus,
591 1588 712 1671 frigida
740 1587 928 1655 matutinis⁷
959 1587 1079 1670 impari
1115 1585 1278 1651 numero¹¹
1307 1590 1351 1653 ad

262 1692 435 1758 cavendos
458 1692 608 1758 dentium
622 1690 766 1769 dolores,
789 1691 870 1754 item
887 1707 995 1773 posca
1014 1690 1130 1755 oculos
1152 1695 1267 1754 contra
1288 1690 1354 1773 lip-

259 1793 440 1875 pitudines,
469 1798 560 1858 certa
583 1794 809 1876 experimenta
831 1796 927 1855 snnt:
951 1791 1040 1855 sicut
1054 1787 1177 1857 totius¹
1198 1791 1352 1873 corporis

261 1893 447 1960 valetudini
462 1895 498 1958 in
513 1894 673 1961 varietate
687 1895 798 1959 victus
812 1893 1074 1958 inobservatu.·⁸

293 2087 306 2112 ¹
322 2076 365 2128 Sir
376 2079 447 2128 tutius
456 2078 560 2140 eorporis
571 2077 728 2127 reletudinern
737 2077 846 2141 promitti
862 2091 909 2125 noe
925 2075 1102 2126 odsereuntilus
1112 2076 1252 2126 uarietatem
1267 2077 1356 2140 uictus,

261 2147 351 2192 eertum
360 2143 546 2205 experimentum
555 2147 599 2191 est.

262 2349 296 2398 st.
308 2353 422 2400 nette-6
439 2349 482 2400 lta
497 2347 574 2399 codd.
593 2347 720 2399 lietduini
739 2356 767 2399 et
783 2346 869 2400 chiffl.
884 2361 941 2397 oum
960 2347 1019 2399 edd.
1032 2347 1159 2399 lierdniu.
1173 2353 1196 2398 i.
1206 2353 1230 2399 t.
1242 2353 1303 2400 &et
1316 2365 1356 2401 re·

262 2420 343 2462 centt.
362 2413 470 2478 dolumq
516 2429 544 2464 ee
560 2415 676 2464 Gronov.
688 2420 717 2465 et
727 2416 761 2464 el.
773 2417 886 2464 retu-t
905 2413 970 2463 Cod.
987 2415 1080 2464 Dalec.
1091 2412 1188 2476 frigide
1203 2429 1264 2477 nque
1280 2421 1357 2464 mnte-

262 2476 371 2526 ήκω-8
388 2479 395 2505 ¹
409 2478 451 2528 Ite
462 2493 492 2530 eo
511 2479 537 2527 d.
548 2485 576 2528 et
586 2477 675 2529 Editio
687 2477 826 2542 princeps!
844 2477 951 2528 Brmler.
983 2479 1113 2527 mediae·
1122 2479 1148 2527 in
1157 2478 1296 2527 commutem
1308 2481 1357 2528 eie·

263 2542 480 2592 tesinodeerootnm
498 2542 695 2594 lietduinus.
707 2547 731 2592 8.
744 2549 894 2593 etreceutt.
910 2543 1067 2592 ualetudinem
1078 2542 1163 2602 leuem
1178 2543 1271 2592 metm
1282 2543 1358 2594 susus

263 2605 384 2656 olsemtn
401 2607 494 2657 Delec.
510 2608 655 2658 suetudinis
664 2609 767 2658 carietes
780 2608 842 2657 vet.
859 2606 952 2656 Delec-
967 2607 1100 2656 manuue
1110 2607 1226 2657 emistuts
1235 2607 1313 2656 sistus
1322 2608 1360 2656 ln·

263 2670 385 2720 sumente
401 2669 486 2722 cirilli.
510 2670 640 2721 mistudr'ni
656 2670 682 2719 in
698 2671 814 2721 emietnte
832 2671 909 2722 elsim
922 2671 1045 2720 clemen
1059 2670 1176 2720 Gronau.
1193 2679 1222 2720 et
1239 2672 1357 2736 enigm-

756 2815 866 2868 NO'l'AE

294 2905 308 2940 l
325 2907 507 2972 i'lenpueeslur]
526 2911 605 2961 Libro
613 2911 664 2976 erpi
675 2911 747 2962 lineo
754 2911 794 2962 sul
830 2911 940 2964 totidem
950 2912 1045 2963 serbis.
1062 2912 1094 2962 ln
1102 2911 1202 2963 lrelneis
1213 2924 1228 2960 e
1238 2910 1322 2962 relide
1332 2911 1357 2962 iu

264 2982 383 3041 temler,
403 2985 432 3032 de
452 2997 532 3032 somne
553 2991 577 3034 et
593 2986 700 3049 amru,
719 2987 793 3050 eujns
829 2986 950 3051 frigidum
968 2987 1077 3038 transire
1089 2989 1178 3038 solitos
1196 2989 1266 3048 olim,
1283 2988 1359 3038 testie

265 3053 383 3106 Laertius
395 3059 511 3110 meminit
523 3058 568 3109 tiu.
579 3073 606 3112 r.
830 3064 1359 3128 Aristidemtosn.1.0ret.2.Secr.llerm.

297 3133 362 3182 eunt
372 3134 471 3199 quoque]
484 3135 560 3191 Nem,
570 3143 600 3187 nt
609 3137 726 3201 superius
739 3137 792 3188 die·
830 3154 856 3204 p.
867 3145 925 3190 olo.
991 3135 994 3144 ¹

264 3216 320 3260 tuor
332 3217 382 3274 est,
392 3213 490 3274 optime
501 3213 527 3262 ln
538 3211 608 3273 Sole,
625 3214 738 3278 sieeput
749 3228 793 3278 pe·
863 3215 873 3248 f
888 3219 950 3267 Item
959 3216 1111 3280 prauumue]
1133 3216 1203 3268 Ante
1222 3217 1293 3279 oipos
1314 3215 1361 3266 iri·

265 3289 340 3350 titur,
351 3288 576 3339 inemontsrtoest.
592 3289 658 3340 Vide
670 3290 754 3341 Notss
765 3298 794 3341 et
830 3292 919 3355 pidem
943 3306 1034 3357 squam
1057 3305 1223 3357 presumere,
1241 3299 1270 3341 et
1290 3292 1360 3342 inter

266 3364 374 3439 Emend.
386 3378 457 3416 num.
470 3370 511 3415 lt.
830 3366 901 3416 eibos
912 3367 1088 3430 interponere.
1105 3367 1174 3418 vide
1185 3367 1289 3419 Celsum
1301 3381 1322 3418 r.
1334 3371 1360 3418 8.

297 3439 549 3507 seueritatem]
567 3444 653 3494 'Uncti
669 3445 726 3496 oleo
748 3459 791 3493 re·
863 3445 962 3494 utrm
971 3444 1039 3508 antu]
1056 3444 1155 3495 Plinius
1173 3445 1262 3494 Vsler.
1280 3457 1301 3494 ι.
1318 3448 1360 3497 tt.

266 3522 335 3564 teres
342 3516 485 3580 strigilibus
492 3519 791 3572 rudebantnrsnduntest
831 3517 891 3568 ‘lld
908 3517 1028 3570 ioetorem
1040 3519 1120 3570 orlsz'
1141 3513 1307 3570 ‘Dormitum
1319 3535 1362 3569 rs·

265 3589 360 3640 deinde
371 3591 456 3643 linteis
467 3593 499 3642 od
511 3595 537 3644 id
549 3597 645 3659 peratis
654 3598 791 3661 tergeben·
832 3594 896 3646 deos
908 3629 915 3644 .
925 3629 932 3644 .
941 3629 950 3646 .
960 3627 968 3645 .
980 3595 1039 3646 rino
1057 3596 1130 3648 sueri
1148 3610 1177 3645 us
1193 3593 1308 3645 eollnst.'
1325 3595 1360 3646 Et

265 3672 315 3714 tur.
334 3665 457 3730 Apuleius
469 3667 540 3718 Asin.
550 3669 613 3719 Aur.
624 3671 668 3720 lib.
682 3685 713 3722 ιι.
730 3671 791 3724 ‘Ae
832 3685 888 3735 esp.
899 3675 941 3721 29·
957 3671 965 3699 ⁸
979 3671 1051 3722 Nero
1069 3686 1172 3738 quoque
1186 3679 1246 3722 ente
1257 3685 1360 3722 somnos

264 3740 339 3790 eimtrl
351 3756 383 3791 err
393 3745 551 3805 promtnerio
560 3746 643 3793 oleum
656 3746 754 3807 unctui,
764 3755 793 3798 et
832 3749 945 3798 colluere
956 3762 1003 3798 ors
1012 3757 1120 3813 propter
1128 3748 1233 3798 lrslituro
1240 3746 1359 3798 foetidum

265 3817 347 3867 lintea
362 3819 452 3880 tersui,
476 3827 503 3867 et
524 3826 613 3868 cetere
629 3820 686 3868 lruio
707 3821 791 3870 eidem
833 3822 897 3872 utile
909 3823 988 3876 uicis:
1004 3824 1107 3874 insulse
1118 3825 1140 3874 is
1152 3823 1221 3888 apud
1234 3824 1360 3874 Nostrum

264 3893 321 3940 usui
335 3890 420 3954 profer
428 3900 562 3956 ooyter‚et
571 3893 700 3957 hospitem
708 3910 793 3946 meunt
833 3913 880 3962 pro
890 3915 962 3965 mero,
974 3904 1039 3952 Nero
1050 3903 1124 3967 legit.

265 3967 365 4030 produc
382 3967 557 4032 adproximet
577 3970 700 4022 lrslnees.'
715 3973 793 4022 lieno
864 3973 877 4010 ¹¹
893 3977 985 4042 Imperi
1000 3981 1108 4044 uenero]
1132 3981 1194 4036 Ter,
1209 3979 1360 4044 quinquies.

264 4041 468 4094 trictionemeibi
480 4043 586 4110 quisque
597 4053 723 4109 prestare
736 4053 793 4110 pot·
832 4051 882 4101 tre.
899 4052 1029 4104 Numerus
1045 4053 1090 4104 ille
1108 4054 1292 4118 superstitione
1309 4069 1360 4105 non

267 4127 334 4180 oret,
354 4120 392 4170 uti
407 4133 440 4169 ex
459 4119 535 4170 Celso
551 4135 652 4186 quoque
669 4122 792 4187 intelligi·
831 4133 919 4188 cereus
930 4142 1006 4193 quaer
1018 4129 1108 4180 Colum
1119 4131 1181 4194 jure
1197 4131 1321 4195 neglexit.
1339 4145 1358 4180 ι.

265 4210 323 4245 mus
334 4209 371 4244 ιν.
383 4202 407 4247 t.
831 4205 856 4252 2.
872 4210 880 4232 ⁴
893 4203 945 4253 Ubi
953 4213 1123 4267 experrectus
1133 4213 1173 4256 est
1183 4207 1285 4272 aliquis,
1296 4220 1356 4269 pen

298 4278 310 4302 ⁰
326 4270 476 4330 Persuadere
485 4274 567 4338 repet]
584 4275 625 4326 Ex
637 4276 713 4328 Celso
730 4291 749 4328 1·
767 4279 791 4330 t.
832 4279 885 4330 lun
907 4281 1096 4345 intermittere3
1119 4281 1222 4342 deinde,
1243 4283 1291 4335 nisi
1313 4285 1358 4347 try·
