3146 4896
547 391 632 477 usn.
657 427 755 477 nrs‘r.
780 431 852 476 nra.
869 427 993 479 lxxxi.
1014 414 1067 477 41.
1206 489 1209 496 ι
1258 415 1345 482 4185

255 570 337 638 riam
360 573 554 656 appellanti
576 577 610 635 et
631 573 681 637 illi
706 571 841 655 quidem
863 575 964 638 etiam
983 574 1108 656 lignum
1123 573 1243 639 referre
1257 576 1344 638 arbi·

256 683 388 739 trautur.
432 673 587 750 Quercus
603 675 740 757 optima,
753 682 876 756 atquae
892 694 951 758 per
963 695 1001 739 se
1013 677 1119 740 cinere
1135 678 1264 740 siucero
1277 676 1343 738 vim

257 775 339 839 salis
367 775 507 839 reddat:
530 774 609 838 alibi
638 775 771 858 corylus
795 775 970 840 laudator:
1002 778 1047 840 ita
1078 775 1187 840 infuso
1215 777 1342 860 liquore

256 876 347 939 salso
372 877 472 940 carbo
496 876 592 938 etium
614 878 647 939 iu
673 877 777 940 salem
805 879 953 941 vertitur.
998 877 1208 960 Quicumque
1231 877 1341 958 ligno¹

257 977 356 1040 confit
380 978 442 1054 sal,
470 977 560 1056 niger
582 983 644 1040 est.
683 975 781 1060 Apud
805 978 1071 1061 Theophrastum
1093 979 1237 1054 invenio,
1263 977 1343 1040 Um-

256 1077 336 1139 bros
347 1075 381 1112 ²⁵
406 1077 576 1140 arundinis
596 1085 630 1140 et
647 1079 740 1159 junci
756 1079 896 1142 cinerem
911 1079 1092 1161 decoquere
1107 1097 1197 1161 aqua
1212 1078 1341 1155 solitos,

257 1175 364 1240 donec
388 1179 542 1258 exiguum
569 1187 755 1261 superesset
783 1179 945 1244 humoris.
993 1178 1086 1256 Quin
1112 1189 1146 1242 et
1169 1198 1189 1241 e
1212 1179 1342 1243 muriac

257 1277 525 1343 salsamentorum
554 1281 756 1361 recoquitur,
784 1282 967 1363 iterumque
1002 1289 1177 1345 consumto
1212 1280 1342 1362 liquore
1454 1347 1457 1350 .

257 1378 298 1441 ad
314 1387 465 1442 naturam
481 1398 574 1442 snam
590 1379 692 1444 redit:
715 1383 847 1462 vulgos
863 1383 982 1445 maenis
994 1379 1008 1418 ‘¹
1022 1379 1298 1463 jucundissimus.

301 1495 381 1542 xer.
404 1479 627 1544 Marinorum⁸
642 1482 786 1546 maxime
797 1481 953 1546 laudatur
965 1481 1108 1564 Cyprius
1122 1502 1143 1546 a
1158 1482 1342 1545 Salamine:

257 1579 299 1643 de
314 1581 462 1661 stagnis¹
480 1581 689 1659 Tarentinus,
703 1601 744 1645 ac
759 1577 946 1665 Phrygius‘
958 1584 1015 1664 qui
1030 1582 1179 1647 Tattaeus
1195 1587 1343 1645 vocatur.

257 1680 307 1746 Hi
323 1680 390 1744 duo
402 1681 507 1745 oculis
519 1683 630 1745 utiles.
660 1681 1025 1766 acappadoeiuvero,
1038 1685 1140 1765 quiin
1153 1682 1343 1746 laterculis¹

156 1843 159 1848 .
257 1780 403 1858 affertur,
429 1783 518 1847 cutis
542 1783 682 1846 nitorem
707 1783 831 1847 dicitur
850 1783 972 1847 lacere.
1016 1783 1129 1864 Magis
1151 1789 1259 1848 tamen
1281 1802 1342 1847 ex-

257 1881 426 1961 tenditis,
452 1903 550 1965 quem
574 1883 717 1948 Citieum
742 1881 1011 1968 appellavimus.l
1057 1884 1179 1968 ltaque
1205 1903 1227 1947 a
1244 1890 1342 1966 partu

257 1993 403 2048 ventrem
425 2005 468 2050 eo
490 2003 564 2050 cum
585 1984 767 2049 melanthio
783 1985 938 2074 illinunt.l
982 1983 1195 2049 Salsissimus
1215 1985 1265 2048 sal
1285 1985 1342 2067 qui

256 2085 502 2150 siccissimusz³
526 2086 746 2150 suavissimus
761 2087 907 2150 omnium
923 2085 1120 2149 Tarentinus
1142 2090 1244 2168 atque
1266 2104 1343 2148 ean·

257 2185 467 2251 didissimus:
491 2187 592 2251 etde
617 2194 727 2252 cetero
751 2188 891 2272 fragilis,
919 2187 977 2270 qui
1002 2187 1146 2250 maxime
1170 2185 1344 2250 candidus.

256 2284 376 2354 Pluvia
397 2286 561 2353 dulcescit
585 2290 705 2352 omnis.
741 2289 932 2353 Suaviorem
954 2295 1063 2351 tamen
1087 2307 1175 2350 rores
1197 2286 1342 2351 faciunt:

257 2386 314 2452 sed
330 2388 506 2472 copiosum
522 2385 702 2471 Aquilonis
717 2389 827 2454 flatus.
853 2385 980 2452 Austro
995 2408 1060 2452 nou
1075 2388 1233 2452 nascitur.
1262 2385 1342 2451 Flos

256 2487 357 2554 uelisi
372 2509 436 2554 non
450 2489 497 2568 fit,
511 2490 579 2553 nisi
594 2487 831 2572 Aquilonibus.
862 2489 906 2554 lu
921 2485 1015 2572 ignej
1032 2509 1092 2554 nec
1112 2489 1259 2572 crepitat,
1282 2507 1342 2551 uec

289 2699 354 2749 Car.
367 2713 410 2750 xa.
443 2706 455 2750 l
477 2701 526 2758 Qui
541 2716 553 2748 e
570 2702 635 2760 ligno
653 2699 710 2750 end.
722 2699 816 2750 Dulce.
850 2699 925 2762 Mox,
943 2699 1112 2764 cmfieiturtul
1124 2696 1184 2748 Vct.
1204 2697 1342 2748 Dulce-2

256 2762 357 2813 lubrice
368 2765 482 2814 Gronov.
495 2774 523 2813 et
534 2764 568 2814 al.
580 2774 638 2814 aute
649 2764 777 2814 llardoin.

288 2828 355 2876 Car.
366 2841 420 2877 ιιι.
455 2833 468 2877 l
487 2829 617 2877 lrncodd.
629 2827 757 2878 llarduinl
775 2835 801 2876 et
814 2825 966 2876 Cnidiusue
978 2826 1037 2876 edd.
1057 2826 1183 2876 lierdnin.
1195 2830 1216 2875 1.
1234 2830 1259 2874 2.
1272 2830 1297 2875 t.
1315 2834 1343 2874 et

257 2901 368 2941 recenti.
393 2895 544 2954 utettugrrir
555 2894 670 2943 Gronov.
680 2901 707 2941 et
718 2894 751 2941 ai.
762 2899 824 2940 ante
833 2891 961 2941 Harduin.
995 2893 1067 2947 Mox,
1086 2890 1169 2940 cnrffl.
1187 2891 1228 2953 qai
1246 2890 1344 2940 Tucim

258 2957 391 3006 ...uram
424 2958 616 3020 Ecnppudoriu.
654 2957 767 3018 Deinde,
778 2957 818 3019 qui
828 2956 853 3004 irr
865 2956 974 3005 utriculis
983 2955 1053 3020 offert
1072 2955 1132 3004 Vct.
1145 2956 1283 3004 neree-a
1301 2954 1343 3004 Ita

258 3018 333 3072 codd.
349 3020 477 3070 Hardnini
493 3032 519 3070 et
539 3020 623 3070 chiffl.
640 3035 697 3070 cnm
716 3021 776 3070 edd.
796 3019 921 3068 llarduin.
940 3023 963 3068 1.
974 3024 998 3069 2.
1009 3023 1033 3068 8.
1049 3026 1075 3068 et
1096 3028 1207 3069 receuti.
1236 3019 1343 3068 illiniunt

258 3083 369 3133 Gronov.
382 3095 409 3135 et
428 3086 563 3148 vulga-³
579 3085 622 3134 lt·
640 3100 672 3134 rx
691 3083 766 3134 codd.
784 3083 934 3133 lietduinus
951 3093 979 3134 et
996 3091 1107 3134 recentt.
1132 3084 1169 3134 rol
1185 3084 1225 3147 pai
1241 3083 1343 3132 maieri-

288 3276 301 3312 l
318 3277 430 3344 Umbros]
447 3277 514 3328 Vide
525 3279 608 3330 Notas
624 3286 651 3328 et
670 3278 778 3329 Eruend.
817 3273 1283 3341 cupimusqmolurmtlrmaior.

256 3367 325 3403 nnm.
337 3359 376 3403 17.
851 3354 930 3408 'Qut
945 3353 973 3400 irr
991 3349 1120 3411 himma]
1143 3348 1250 3398 Tabulis
1269 3362 1284 3397 e
1304 3349 1341 3397 la·

288 3436 301 3462 θ
318 3429 383 3485 Quin
398 3433 422 3479 et
441 3445 455 3478 e
472 3430 558 3493 melu]
574 3429 660 3478 Mnrla
677 3430 778 3492 salsugo
818 3429 917 3479 tercrrlo
933 3427 1030 3488 coctili,
1044 3433 1089 3476 rut
1105 3425 1180 3474 rlnrili
1197 3439 1266 3474 ruse.
1299 3425 1342 3475 Ita

257 3511 308 3563 ert,
324 3506 351 3552 iu
364 3519 414 3569 qun
430 3506 583 3554 salsamenta
594 3505 720 3568 innatant,
730 3505 779 3554 hoe
820 3505 883 3554 Mra.
895 3517 991 3554 omnen.

256 3585 306 3640 est,
324 3580 417 3642 pisces,
433 3588 570 3643 ceteraque
583 3580 607 3629 irl
620 3595 709 3644 gener,
722 3595 778 3643 qun
850 3579 862 3613 ¹¹
880 3577 1170 3642 Citieurrreppeliunirrrrr]
1188 3576 1254 3639 Cap.
1269 3580 1309 3625 89.

255 3656 310 3704 rale
320 3655 482 3712 condiuntur,
491 3657 522 3706 ad
533 3657 679 3707 diuturnum
691 3672 776 3708 nrum:
852 3653 859 3688 ¹
873 3655 929 3704 Fron
937 3655 1006 3719 ulia]
1021 3654 1064 3703 Sic
1072 3652 1342 3716 appelrrnenrreouir-

256 3730 413 3781 luscum.
818 3730 1032 3794 simonisvilla
1058 3731 1149 3793 instar,
1176 3728 1342 3790 levissimum,

289 3805 395 3868 *vargo
415 3822 429 3857 e
449 3807 543 3870 manu]
571 3808 594 3856 E
616 3806 704 3855 maenis
725 3806 778 3856 sale
818 3807 1175 3870 emdidlsrimumquesrlenr·
1209 3805 1342 3854 Deeoin-

256 3881 374 3944 conditis,
381 3883 510 3947 salsugine
518 3895 563 3932 ren
572 3883 653 3930 muria
661 3881 779 3945 decocta,
818 3882 900 3935 ferina
916 3899 939 3934 r.
950 3888 991 3934 41.
1024 3884 1117 3947 Neque
1129 3883 1150 3931 ir
1161 3895 1246 3945 porro,
1258 3895 1342 3944 neque

250 3959 451 4023 jucundissimus
461 3959 497 4008 rel
510 3957 641 4008 extruitur.
818 3963 921 4010 omnino
938 3961 1004 4010 nlius
1022 3959 1061 4007 rui
1080 3957 1222 4007 minutatim
1234 3957 1342 4005 dissolu·

288 4043 299 4069 ²
317 4035 475 4099 Morinorum]
495 4033 585 4083 Dione.
594 4047 622 4081 r.
635 4036 690 4082 116.
820 4044 861 4085 tur
872 4037 898 4084 in
908 4037 968 4096 igne
979 4034 1100 4097 crepitat,
1111 4032 1258 4081 arrtexrilit.
1274 4030 1342 4082 Vide

278 4110 348 4160 “Aa
368 4111 502 4174 Phrygius]
525 4111 644 4160 Drmcor.
663 4110 710 4158 loo.
732 4109 778 4159 cit.
819 4109 977 4174 Agricolrle
989 4109 1088 4159 Natura
1101 4107 1188 4156 Forsil.
1203 4107 1246 4158 lib.
1256 4120 1302 4158 nr.
1315 4123 1340 4171 p.

257 4189 298 4237 'Er
315 4185 519 4247 reinmundum
534 4184 559 4235 dl
577 4183 616 4235 rui
634 4183 666 4233 τὸ
684 4186 781 4244 nimia
818 4190 875 4236 2⁰9.

257 4261 399 4330 rporprrdrr·
416 4262 575 4318 εὔτονότατον
594 4261 623 4318 dl
639 4261 711 4314 aaut
728 4263 780 4314 duri
850 4261 906 4310 lla
923 4258 992 4324 igne]
1007 4258 1122 4310 isidorus
1144 4257 1220 4322 Orifl.
1240 4272 1297 4312 xvi.
1316 4261 1341 4313 ὓ.
