3100 4898
257 383 346 450 3896
626 396 658 444 o.
682 392 802 442 aarum
827 391 990 442 suouuur

259 560 325 626 que
347 537 527 604 mendaciis
549 537 678 603 Graecae
701 535 882 600 sanitatis.t
925 534 1056 598 Similis'
1074 541 1107 599 et
1126 534 1352 618 magnitudine

260 647 313 712 est
334 659 436 724 supra
457 640 549 705 dioto
566 633 762 712 crocodilo,‘³
778 635 888 718 spinae
903 644 1033 700 tautum
1045 644 1056 671 ⁶
1068 635 1217 700 acutiore
1233 653 1352 700 cuma-

259 749 360 820 tura,⁴
379 749 415 806 et
436 740 553 805 caudae
576 736 795 820 amplitudine
813 734 951 799 distans.
996 734 1134 803 Nullum
1150 735 1275 800 animal
1289 755 1352 819 pa·

259 842 370 908 vidius
398 843 620 916 existimatur,
644 844 676 903 et
701 838 777 902 ideo
806 837 1017 902 versicoloris
1047 855 1121 900 esse
1143 837 1350 902 mutationis.

259 943 337 1032 vis,
352 945 426 1028 ejus
454 943 601 1006 maxima
630 945 747 1005 contra
772 938 969 1022 accipitrum
996 956 1108 1020 genus.
1163 937 1350 1004 Detrahere

260 1040 367 1108 euim‘
387 1043 675 1127 supervolantem5
696 1042 740 1105 ad
756 1060 793 1104 se
809 1040 959 1117 traditur,
975 1045 1010 1103 et
1023 1039 1250 1105 voluntarium
1262 1057 1351 1122 prm·

258 1145 336 1209 bere
351 1145 562 1230 laborandum
576 1144 693 1207 ceteris
708 1142 918 1207 animalibus.
947 1140 1058 1224 Caput
1070 1141 1167 1224 ejus⁸
1182 1147 1216 1204 et
1228 1145 1350 1220 guttur,

261 1247 290 1310 si
312 1245 462 1318 roboreis
484 1246 581 1329 lignis
604 1245 840 1321 accendantur,
855 1242 1007 1306 imbrium
1025 1247 1061 1306 et
1078 1241 1255 1306 tonitruum
1271 1257 1351 1304 con·

262 1365 378 1410 cursus
403 1346 525 1422 facere,
552 1345 764 1411 Democritus
790 1351 920 1424 narrat:
953 1343 1033 1406 item
1053 1341 1149 1424 jecur
1172 1341 1206 1404 in
1232 1340 1351 1424 tegulis

260 1457 382 1512 ustum.
408 1488 411 1500 ·
425 1447 572 1529 Reliqua
594 1447 637 1510 ad
657 1445 821 1510 veneficia
836 1444 1031 1528 pertinentia
1045 1461 1122 1527 quae
1136 1441 1230 1520 dicit,
1245 1459 1353 1525 quau-

262 1566 362 1629 quam
376 1545 462 1614 falsa
476 1548 718 1623 existimantes,
733 1547 934 1622 omittemus,
950 1549 1167 1629 praeterquam
1181 1543 1238 1607 nbi
1254 1543 1354 1606 irrisu

262 1647 534 1730 coarguendum.⁶
566 1650 696 1712 Dextro
711 1648 821 1724 uculo,
836 1647 866 1710 si
880 1647 1005 1711 viventi
1021 1652 1165 1722 eruatur,
1182 1644 1351 1725 albugines

261 1748 433 1812 oculorum
449 1767 525 1811 cum
544 1749 636 1812 lacte
652 1749 788 1830 caprino
803 1747 892 1812 tolli:
917 1747 1029 1828 lingua
1043 1746 1247 1826 adalligata,⁷
1261 1745 1350 1827 peri·

262 1845 341 1912 cula
355 1849 531 1931 puerperii.
577 1845 748 1913 Eundemh
764 1847 938 1912 salutarem
953 1865 1026 1911 esse
1040 1844 1306 1929 parturientibus,
1320 1844 1352 1907 si

721 1990 898 2014 ΗΙΟΟΙΜΙΙΙ

262 2071 355 2123 doinus
365 2081 392 2123 st
404 2081 514 2126 receutt.
530 2075 715 2126 emicantem
732 2076 791 2126 add.
811 2081 875 2126 rett.
895 2082 922 2126 et
937 2075 1100 2126 aroana-a
1116 2073 1176 2123 Ver.
1192 2074 1286 2122 Doleo.
1302 2071 1352 2120 dis·

261 2143 348 2187 sectum
356 2154 366 2198 ;
383 2139 416 2187 sl.
433 2147 497 2188 vett.
510 2153 549 2201 sp.
567 2139 684 2200 eundem,
699 2141 895 2191 dissecamus-t
914 2139 978 2189 Cod.
996 2139 1085 2190 Daleo.
1103 2142 1195 2204 tantast
1205 2138 1264 2187 sitio
1274 2151 1302 2186 oo
1313 2150 1353 2185 rs·

260 2207 442 2252 comum—s
460 2203 504 2252 Its
514 2202 590 2253 codd.
601 2203 728 2252 llsrduini
740 2211 767 2253 et
778 2201 863 2254 chiffl.
874 2218 932 2254 oum
945 2201 1003 2251 edd.
1014 2201 1141 2252 Hsrrluiu.
1160 2207 1184 2250 l.
1197 2205 1222 2250 2.
1238 2206 1262 2251 ³.
1274 2207 1300 2248 et
1311 2213 1350 2248 re·

262 2272 344 2314 centr-
360 2268 554 2328 mpraeolasters
565 2264 625 2315 edd.
640 2273 705 2314 vett.
723 2274 751 2316 et
769 2267 882 2318 Gronov.
914 2267 988 2323 Mox,
1003 2271 1028 2314 et
1045 2267 1178 2314 medates·
1185 2266 1297 2328 prebere.
1307 2267 1351 2325 du.

261 2329 323 2378 Vet.
334 2328 427 2378 Dsleo.
451 2334 475 2377 et
485 2331 605 2378 solmam
614 2343 650 2391 pr.
661 2330 810 2380 homousiam
821 2331 854 2380 sl.
866 2335 930 2380 rett.
949 2344 991 2392 sp.
1007 2329 1173 2380 eundem-o
1193 2329 1250 2378 i'et.
1260 2329 1351 2378 Dsleo.

263 2397 375 2455 tunquam
391 2393 689 2456 salsa...cssrgrresdss,·
706 2393 764 2445 eod.
783 2393 911 2478 ejusdem,
927 2397 1037 2456 taquam
1049 2394 1146 2462 solm..
1156 2426 1163 2441 .
1173 2393 1352 2456 cmrgsmdsss.

748 2522 857 2574 NOTAE

261 2614 384 2665 inierint:
409 2616 559 2666 ‘Sinistrum
580 2611 711 2668 humorum
730 2618 785 2682 qui·
826 2615 969 2670 Posteriori
991 2615 1120 2672 videlicet,
1146 2614 1201 2665 sire
1227 2615 1386 2679 terrestri„

263 2689 311 2739 bus
334 2691 453 2740 monstris
474 2700 608 2741 mnseeret
706 2692 787 2756 pudet
826 2690 987 2756 quimultum
1007 2688 1075 2738 iufrs
1093 2689 1213 2752 alterum,
1230 2689 1283 2736 sire
1301 2703 1353 2737 am-

262 2763 379 2813 reierre.'
826 2767 949 2831 phibiunr,
966 2765 1201 2829 magnitudinem,
1213 2773 1242 2814 ut
1253 2762 1352 2813 dietum

293 2839 415 2889 ‘Gracc
436 2840 561 2907 msitstis]
583 2842 648 2892 Cum
670 2842 788 2904 plenissi-
827 2851 868 2895 est
878 2858 937 2907 sup.
948 2857 1004 2906 esp.

262 2927 305 2963 ms
325 2915 381 2963 boeo
402 2916 522 2965 vanitatis
542 2916 642 2965 Plinius
665 2916 787 2975 fateatur,
859 2929 869 2954 ⁸
887 2917 1086 2983 spinarensem]
1097 2915 1353 2982 Spiusobsmaleoui

262 3001 345 3050 suque
357 2989 463 3037 consilio
475 2997 573 3039 tantum
591 2989 694 3054 referat,
707 2999 735 3042 ut
746 2994 788 3042 sel
827 2998 922 3046 eminet
943 3003 971 3044 et
990 3001 1151 3057 recurratur,
1172 3001 1202 3042 nt
1221 2991 1353 3056 piscibusa

262 3061 316 3109 risu
338 3059 451 3123 refellat,
471 3069 568 3112 temere
591 3063 617 3113 lu
639 3077 697 3113 euru
721 3065 788 3116 tirus
827 3069 1100 3121 crocodilouonltem·

263 3135 411 3186 soerbitstis
439 3153 491 3187 suae
519 3139 645 3190 vomuisse
676 3140 787 3191 Gellium
863 3143 1016 3194 ‘Detrahere
1031 3141 1109 3206 eninr]
1133 3141 1232 3202 Gellius
1256 3153 1284 3190 x.
1313 3145 1354 3192 12.

261 3211 426 3275 perspicuum
444 3219 494 3274 est,
505 3226 563 3261 cum
578 3213 646 3263 buno
657 3213 739 3264 locum
750 3215 789 3266 ita
829 3234 855 3283 p.
874 3223 930 3269 aaa.
948 3219 1005 3268 buo
1025 3215 1209 3278 transcribens,
1230 3216 1352 3281 ‘Accipi-

263 3287 390 3350 eosrguit,
411 3301 439 3337 x.
460 3291 500 3336 ts.
517 3287 639 3338 ‘Librum
660 3303 716 3340 esse
735 3291 787 3341 De·
828 3294 914 3357 trem,'
930 3295 977 3358 sit,
1001 3294 1101 3343 ‘avium
1128 3292 1315 3357 rapidissimum
1337 3307 1353 3342 a

262 3361 374 3424 metiti,
394 3361 545 3411 nobillttlmi
567 3362 789 3428 Phll⁰⁸⁰lth⁰n¹mr
827 3371 1000 3422 olrsmrsleoue
1012 3369 1081 3420 humi
1093 3371 1285 3433 raptants.atsi
1295 3385 1353 3422 eum

262 3435 295 3484 de
307 3437 331 3484 ri
342 3443 369 3486 et
380 3443 472 3485 nstrrrs
482 3436 670 3501 chamaeleonis,
679 3454 787 3506 sumque
825 3446 893 3496 forte
906 3446 1061 3510 supervolet,
1071 3444 1174 3496 detrsbi
1186 3452 1214 3494 st
1224 3445 1319 3495 eadere
1328 3445 1355 3493 vi

262 3525 294 3560 se
306 3511 398 3574 legisse
410 3512 509 3562 Plinius
521 3514 655 3566 Secundus
666 3516 692 3565 iu
704 3517 789 3566 Natu·
826 3521 934 3587 quadam
946 3520 971 3570 in
984 3529 1091 3582 terram,
1101 3521 1248 3585 ceterisque
1265 3521 1355 3570 aribus

260 3588 321 3638 ralis
333 3587 685 3641 Historiaevioesimoootsro
696 3591 788 3655 refert,
826 3595 972 3648 lsuisudum
991 3603 1084 3659 aposta
1102 3609 1151 3645 sus
1168 3595 1282 3659 objiosre
1295 3608 1352 3644 sese

261 3665 392 3728 multaque
405 3679 469 3715 vaus
480 3674 558 3731 atque
570 3667 731 3718 intoleranda
743 3683 787 3718 su·
826 3680 853 3723 et
865 3670 981 3722 dedere?

261 3739 330 3788 ribus
363 3740 456 3789 deiude
486 3742 558 3804 quasi
591 3758 606 3792 s
637 3743 788 3795 Democrito
856 3749 967 3810 serpet
985 3744 1047 3809 sias]
1063 3744 1278 3796 Totidemrerbis
1295 3745 1352 3796 bae

261 3815 358 3878 scripta
367 3813 464 3864 tradit!
497 3815 789 3871 luterDemoeritissue
829 3821 1049 3873 Gellianus-eit.

157 3941 161 3952 ,
262 3905 341 3956 opera
351 3890 420 3940 istud
432 3890 466 3941 de
477 3890 648 3942 clrsmaeleone
660 3909 677 3942 s
687 3895 788 3945 badrtio
860 3895 872 3929 δ
890 3892 1008 3957 Eundem]
1025 3893 1159 3945 Sententia
1174 3899 1223 3950 est,
1243 3893 1353 3946 cums·

263 3981 313 4017 nen
326 3973 455 4016 censetor.
488 3967 565 4018 Forte
578 3967 627 4018 luit
645 3969 702 4018 Bell
714 3971 788 4020 Meu·
828 3972 928 4023 leonem
939 3975 1077 4022 salutarem
1089 3985 1155 4026 osse,
1167 3971 1189 4020 si
1200 3972 1280 4022 multo
1292 3981 1354 4024 aute

263 4041 336 4103 desii,
355 4048 384 4093 ut
400 4042 426 4092 iu
442 4041 582 4092 ductorum
600 4043 788 4096 Iudioamous·
828 4047 1025 4111 parturitionem
1046 4047 1132 4096 illatus
1153 4046 1203 4096 sits
1224 4046 1263 4096 siu
1284 4046 1353 4098 idem

263 4116 355 4177 bimos,
367 4118 445 4169 verbo
458 4131 642 4170 nsuocarror.
828 4122 982 4187 parturienti
1000 4123 1055 4186 Jsm
1077 4121 1252 4187 superveniat,
1269 4122 1354 4189 persi·

295 4189 307 4225 l
324 4191 416 4245 senua
505 4196 648 4262 superlato
663 4197 789 4262 crocodilo]
828 4199 926 4252 ciosum
937 4213 1001 4250 esse.
