<?xml version="1.0" encoding="UTF-8"?>
<!DOCTYPE html PUBLIC "-//W3C//DTD XHTML 1.0 Transitional//EN"
    "http://www.w3.org/TR/xhtml1/DTD/xhtml1-transitional.dtd">
<html xmlns="http://www.w3.org/1999/xhtml" xml:lang="en" lang="en">
 <head>
  <title>
</title>
<meta http-equiv="Content-Type" content="text/html;charset=utf-8" />
  <meta name='ocr-system' content='tesseract 3.04.00' />
  <meta name='ocr-capabilities' content='ocr_page ocr_carea ocr_par ocr_line ocrx_word'/>
</head>
<body>
  <div class='ocr_page' id='page_1' title='image "./cpliniisecundin10brotgoog_0553.png"; bbox 0 0 3098 4884; ppageno 0'>
   <div class='ocr_carea' id='block_1_1' title="bbox 260 371 986 438">
    <p class='ocr_par' dir='ltr' id='par_1_1' title="bbox 260 371 986 438">
     <span class='ocr_line' id='line_1_1' title="bbox 260 371 986 438; baseline -0.014 0"><span class='ocrx_word' id='word_1_1' title='bbox 260 371 347 438; x_wconf 76' lang='lat'><strong>4882</strong></span> <span class='ocrx_word' id='word_1_2' title='bbox 624 385 656 430; x_wconf 88' lang='lat' dir='ltr'><strong>u.</strong></span> <span class='ocrx_word' id='word_1_3' title='bbox 679 381 799 430; x_wconf 80' lang='lat' dir='ltr'><strong>rnrnrr</strong></span> <span class='ocrx_word' id='word_1_4' title='bbox 823 379 986 430; x_wconf 74' lang='lat' dir='ltr'><strong>suenum</strong></span> 
     </span>
    </p>
   </div>
   <div class='ocr_carea' id='block_1_2' title="bbox 261 519 1362 2648">
    <p class='ocr_par' dir='ltr' id='par_1_2' title="bbox 261 519 1362 1010">
     <span class='ocr_line' id='line_1_2' title="bbox 261 519 1343 616; baseline -0.01 -20"><span class='ocrx_word' id='word_1_5' title='bbox 261 551 328 616; x_wconf 88' lang='lat' dir='ltr'><strong>que</strong></span> <span class='ocrx_word' id='word_1_6' title='bbox 341 528 523 595; x_wconf 83' lang='lat' dir='ltr'><strong>latitudinis</strong></span> <span class='ocrx_word' id='word_1_7' title='bbox 536 543 601 592; x_wconf 88' lang='lat' dir='ltr'><strong>uon</strong></span> <span class='ocrx_word' id='word_1_8' title='bbox 616 526 823 590; x_wconf 78' lang='lat' dir='ltr'><strong>excedentes.</strong></span> <span class='ocrx_word' id='word_1_9' title='bbox 866 524 965 603; x_wconf 85' lang='lat' dir='ltr'><strong>Quod</strong></span> <span class='ocrx_word' id='word_1_10' title='bbox 988 519 1115 588; x_wconf 89' lang='lat' dir='ltr'><strong>aSoie¹</strong></span> <span class='ocrx_word' id='word_1_11' title='bbox 1136 523 1199 588; x_wconf 86' lang='lat' dir='ltr'><strong>suit</strong></span> <span class='ocrx_word' id='word_1_12' title='bbox 1221 524 1257 586; x_wconf 89' lang='lat' dir='ltr'><strong>in</strong></span> <span class='ocrx_word' id='word_1_13' title='bbox 1277 521 1343 598; x_wconf 78' lang='lat' dir='ltr'><strong>his.</strong></span> 
     </span>
     <span class='ocr_line' id='line_1_3' title="bbox 262 625 1362 714; baseline -0.01 -18"><span class='ocrx_word' id='word_1_14' title='bbox 262 630 384 696; x_wconf 85' lang='lat' dir='ltr'><strong>melius</strong></span> <span class='ocrx_word' id='word_1_15' title='bbox 410 648 510 714; x_wconf 86' lang='lat' dir='ltr'><strong>quarn</strong></span> <span class='ocrx_word' id='word_1_16' title='bbox 537 627 627 710; x_wconf 91' lang='lat' dir='ltr'><strong>quod</strong></span> <span class='ocrx_word' id='word_1_17' title='bbox 653 645 674 690; x_wconf 85' lang='lat' dir='ltr'><strong>a</strong></span> <span class='ocrx_word' id='word_1_18' title='bbox 692 632 788 690; x_wconf 89' lang='lat' dir='ltr'><strong>terra.</strong></span> <span class='ocrx_word' id='word_1_19' title='bbox 832 625 901 690; x_wconf 87' lang='lat' dir='ltr'><strong>His</strong></span> <span class='ocrx_word' id='word_1_20' title='bbox 917 626 1067 691; x_wconf 85' lang='lat' dir='ltr'><strong>coticulis</strong></span> <span class='ocrx_word' id='word_1_21' title='bbox 1089 626 1219 708; x_wconf 72' lang='lat' dir='ltr'><strong>puriti,&#39;²</strong></span> <span class='ocrx_word' id='word_1_22' title='bbox 1238 643 1315 688; x_wconf 89' lang='lat' dir='ltr'><strong>cum</strong></span> <span class='ocrx_word' id='word_1_23' title='bbox 1336 641 1362 685; x_wconf 87' lang='lat' dir='ltr'><strong>e</strong></span> 
     </span>
     <span class='ocr_line' id='line_1_4' title="bbox 263 726 1361 811; baseline -0.01 -15"><span class='ocrx_word' id='word_1_24' title='bbox 263 751 347 796; x_wconf 87' lang='lat' dir='ltr'><strong>vena</strong></span> <span class='ocrx_word' id='word_1_25' title='bbox 374 737 414 794; x_wconf 92' lang='lat' dir='ltr'><strong>ut</strong></span> <span class='ocrx_word' id='word_1_26' title='bbox 437 729 519 793; x_wconf 87' lang='lat' dir='ltr'><strong>lima</strong></span> <span class='ocrx_word' id='word_1_27' title='bbox 541 729 732 811; x_wconf 82' lang='lat' dir='ltr'><strong>rapueriut³</strong></span> <span class='ocrx_word' id='word_1_28' title='bbox 758 728 1030 810; x_wconf 86' lang='lat' dir='ltr'><strong>experimentum,</strong></span> <span class='ocrx_word' id='word_1_29' title='bbox 1057 727 1212 809; x_wconf 89' lang='lat' dir='ltr'><strong>protinus</strong></span> <span class='ocrx_word' id='word_1_30' title='bbox 1237 726 1361 790; x_wconf 81' lang='lat' dir='ltr'><strong>dicunt</strong></span> 
     </span>
     <span class='ocr_line' id='line_1_5' title="bbox 263 825 1359 916; baseline -0.007 -20"><span class='ocrx_word' id='word_1_31' title='bbox 263 837 419 916; x_wconf 84' lang='lat' dir='ltr'><strong>quantum</strong></span> <span class='ocrx_word' id='word_1_32' title='bbox 433 831 504 896; x_wconf 89' lang='lat' dir='ltr'><strong>auri</strong></span> <span class='ocrx_word' id='word_1_33' title='bbox 521 829 612 894; x_wconf 90' lang='lat' dir='ltr'><strong>sitin</strong></span> <span class='ocrx_word' id='word_1_34' title='bbox 627 848 678 906; x_wconf 86' lang='lat' dir='ltr'><strong>ea,</strong></span> <span class='ocrx_word' id='word_1_35' title='bbox 692 836 853 911; x_wconf 87' lang='lat' dir='ltr'><strong>quantum</strong></span> <span class='ocrx_word' id='word_1_36' title='bbox 874 827 1004 910; x_wconf 80' lang='lat' dir='ltr'><strong>argenti</strong></span> <span class='ocrx_word' id='word_1_37' title='bbox 1020 828 1076 892; x_wconf 86' lang='lat' dir='ltr'><strong>vel</strong></span> <span class='ocrx_word' id='word_1_38' title='bbox 1090 828 1175 905; x_wconf 71' lang='lat' dir='ltr'><strong>aeris,</strong></span> <span class='ocrx_word' id='word_1_39' title='bbox 1190 825 1359 908; x_wconf 81' lang='lat' dir='ltr'><strong>seripula·</strong></span> 
     </span>
     <span class='ocr_line' id='line_1_6' title="bbox 264 929 1091 1010; baseline -0.005 -13"><span class='ocrx_word' id='word_1_40' title='bbox 264 933 315 997; x_wconf 69' lang='lat' dir='ltr'><strong>rit</strong></span> <span class='ocrx_word' id='word_1_41' title='bbox 327 932 525 1010; x_wconf 81' lang='lat' dir='ltr'><strong>differentia,</strong></span> <span class='ocrx_word' id='word_1_42' title='bbox 539 930 684 995; x_wconf 87' lang='lat' dir='ltr'><strong>mirabili</strong></span> <span class='ocrx_word' id='word_1_43' title='bbox 699 931 836 1008; x_wconf 89' lang='lat' dir='ltr'><strong>ratione,</strong></span> <span class='ocrx_word' id='word_1_44' title='bbox 851 949 916 994; x_wconf 90' lang='lat' dir='ltr'><strong>nun</strong></span> <span class='ocrx_word' id='word_1_45' title='bbox 931 929 1091 994; x_wconf 68' lang='lat' dir='ltr'><strong>fauentes</strong></span> 
     </span>
    </p>

    <p class='ocr_par' dir='ltr' id='par_1_3' title="bbox 265 1022 1356 1722">
     <span class='ocr_line' id='line_1_7' title="bbox 307 1022 1356 1116; baseline -0.007 -18"><span class='ocrx_word' id='word_1_46' title='bbox 307 1051 415 1100; x_wconf 84' lang='lat' dir='ltr'><strong>xnrv.</strong></span> <span class='ocrx_word' id='word_1_47' title='bbox 440 1033 578 1116; x_wconf 81' lang='lat' dir='ltr'>Argenti</span> <span class='ocrx_word' id='word_1_48' title='bbox 602 1033 679 1097; x_wconf 80' lang='lat' dir='ltr'><strong>duae</strong></span> <span class='ocrx_word' id='word_1_49' title='bbox 704 1022 916 1096; x_wconf 79' lang='lat' dir='ltr'><strong>ditierentire.¹</strong></span> <span class='ocrx_word' id='word_1_50' title='bbox 956 1031 1091 1096; x_wconf 83' lang='lat' dir='ltr'><strong>Batillie</strong></span> <span class='ocrx_word' id='word_1_51' title='bbox 1114 1029 1253 1094; x_wconf 79' lang='lat' dir='ltr'><strong>ferreis¹¹</strong></span> <span class='ocrx_word' id='word_1_52' title='bbox 1272 1045 1356 1092; x_wconf 85' lang='lat' dir='ltr'><strong>een-</strong></span> 
     </span>
     <span class='ocr_line' id='line_1_8' title="bbox 265 1133 1353 1218; baseline -0.005 -19"><span class='ocrx_word' id='word_1_53' title='bbox 265 1136 418 1200; x_wconf 76' lang='lat' dir='ltr'><strong>dentibus</strong></span> <span class='ocrx_word' id='word_1_54' title='bbox 443 1139 591 1200; x_wconf 91' lang='lat' dir='ltr'><strong>rameutu</strong></span> <span class='ocrx_word' id='word_1_55' title='bbox 621 1133 790 1217; x_wconf 85' lang='lat' dir='ltr'><strong>imposito,</strong></span> <span class='ocrx_word' id='word_1_56' title='bbox 820 1133 911 1218; x_wconf 90' lang='lat' dir='ltr'><strong>qnod</strong></span> <span class='ocrx_word' id='word_1_57' title='bbox 941 1133 1121 1197; x_wconf 88' lang='lat' dir='ltr'><strong>candidum</strong></span> <span class='ocrx_word' id='word_1_58' title='bbox 1149 1137 1353 1214; x_wconf 83' lang='lat' dir='ltr'><strong>permaneat,</strong></span> 
     </span>
     <span class='ocr_line' id='line_1_9' title="bbox 265 1230 1355 1319; baseline -0.008 -18"><span class='ocrx_word' id='word_1_59' title='bbox 265 1237 433 1319; x_wconf 86' lang='lat' dir='ltr'><strong>probatur.</strong></span> <span class='ocrx_word' id='word_1_60' title='bbox 478 1234 640 1300; x_wconf 85' lang='lat' dir='ltr'><strong>Proxima</strong></span> <span class='ocrx_word' id='word_1_61' title='bbox 654 1234 787 1299; x_wconf 89' lang='lat' dir='ltr'><strong>bonitas</strong></span> <span class='ocrx_word' id='word_1_62' title='bbox 801 1233 888 1312; x_wconf 85' lang='lat' dir='ltr'><strong>ruso,</strong></span> <span class='ocrx_word' id='word_1_63' title='bbox 903 1233 994 1297; x_wconf 90' lang='lat' dir='ltr'><strong>nulla</strong></span> <span class='ocrx_word' id='word_1_64' title='bbox 1015 1234 1118 1313; x_wconf 85' lang='lat' dir='ltr'><strong>nigro.</strong></span> <span class='ocrx_word' id='word_1_65' title='bbox 1161 1230 1229 1295; x_wconf 90' lang='lat' dir='ltr'><strong>Sed</strong></span> <span class='ocrx_word' id='word_1_66' title='bbox 1250 1249 1355 1312; x_wconf 85' lang='lat' dir='ltr'><strong>expe·</strong></span> 
     </span>
     <span class='ocr_line' id='line_1_10' title="bbox 265 1332 1354 1422; baseline -0.008 -20"><span class='ocrx_word' id='word_1_67' title='bbox 265 1337 407 1402; x_wconf 71' lang='lat' dir='ltr'><strong>timente</strong></span> <span class='ocrx_word' id='word_1_68' title='bbox 423 1355 555 1422; x_wconf 90' lang='lat' dir='ltr'><strong>quoque</strong></span> <span class='ocrx_word' id='word_1_69' title='bbox 568 1335 658 1400; x_wconf 80' lang='lat' dir='ltr'><strong>trans</strong></span> <span class='ocrx_word' id='word_1_70' title='bbox 673 1335 862 1400; x_wconf 88' lang='lat' dir='ltr'><strong>intervenit:</strong></span> <span class='ocrx_word' id='word_1_71' title='bbox 880 1334 1040 1399; x_wconf 85' lang='lat' dir='ltr'><strong>servatis¹</strong></span> <span class='ocrx_word' id='word_1_72' title='bbox 1056 1333 1089 1397; x_wconf 92' lang='lat' dir='ltr'><strong>iu</strong></span> <span class='ocrx_word' id='word_1_73' title='bbox 1103 1332 1246 1396; x_wconf 83' lang='lat' dir='ltr'><strong>virorum</strong></span> <span class='ocrx_word' id='word_1_74' title='bbox 1259 1332 1354 1394; x_wconf 88' lang='lat' dir='ltr'><strong>urina</strong></span> 
     </span>
     <span class='ocr_line' id='line_1_11' title="bbox 265 1432 1354 1516; baseline -0.006 -14"><span class='ocrx_word' id='word_1_75' title='bbox 265 1439 403 1516; x_wconf 85' lang='lat' dir='ltr'><strong>batillis,</strong></span> <span class='ocrx_word' id='word_1_76' title='bbox 427 1437 570 1503; x_wconf 89' lang='lat' dir='ltr'><strong>inficitur</strong></span> <span class='ocrx_word' id='word_1_77' title='bbox 593 1438 642 1502; x_wconf 86' lang='lat' dir='ltr'><strong>ita</strong></span> <span class='ocrx_word' id='word_1_78' title='bbox 663 1441 847 1501; x_wconf 87' lang='lat' dir='ltr'><strong>ramentum</strong></span> <span class='ocrx_word' id='word_1_79' title='bbox 872 1436 980 1501; x_wconf 85' lang='lat' dir='ltr'><strong>obiter</strong></span> <span class='ocrx_word' id='word_1_80' title='bbox 1003 1434 1083 1498; x_wconf 92' lang='lat' dir='ltr'><strong>dum</strong></span> <span class='ocrx_word' id='word_1_81' title='bbox 1103 1433 1214 1508; x_wconf 87' lang='lat' dir='ltr'><strong>uritur,</strong></span> <span class='ocrx_word' id='word_1_82' title='bbox 1230 1432 1354 1497; x_wconf 83' lang='lat' dir='ltr'><strong>eandu-</strong></span> 
     </span>
     <span class='ocr_line' id='line_1_12' title="bbox 266 1534 1355 1624; baseline -0.007 -20"><span class='ocrx_word' id='word_1_83' title='bbox 266 1559 398 1624; x_wconf 80' lang='lat' dir='ltr'><strong>remque</strong></span> <span class='ocrx_word' id='word_1_84' title='bbox 420 1540 585 1604; x_wconf 86' lang='lat' dir='ltr'><strong>mentitur.</strong></span> <span class='ocrx_word' id='word_1_85' title='bbox 631 1538 691 1603; x_wconf 82' lang='lat' dir='ltr'><strong>Est</strong></span> <span class='ocrx_word' id='word_1_86' title='bbox 713 1538 829 1602; x_wconf 75' lang='lat' dir='ltr'><strong>alind¹</strong></span> <span class='ocrx_word' id='word_1_87' title='bbox 853 1537 1111 1622; x_wconf 80' lang='lat' dir='ltr'><strong>experimentum</strong></span> <span class='ocrx_word' id='word_1_88' title='bbox 1134 1534 1240 1616; x_wconf 86' lang='lat' dir='ltr'><strong>politi,</strong></span> <span class='ocrx_word' id='word_1_89' title='bbox 1262 1541 1295 1596; x_wconf 90' lang='lat' dir='ltr'><strong>et</strong></span> <span class='ocrx_word' id='word_1_90' title='bbox 1317 1534 1355 1596; x_wconf 92' lang='lat' dir='ltr'><strong>in</strong></span> 
     </span>
     <span class='ocr_line' id='line_1_13' title="bbox 266 1634 1281 1722; baseline -0.007 -16"><span class='ocrx_word' id='word_1_91' title='bbox 266 1640 376 1706; x_wconf 87' lang='lat' dir='ltr'><strong>halitu</strong></span> <span class='ocrx_word' id='word_1_92' title='bbox 390 1641 545 1716; x_wconf 86' lang='lat' dir='ltr'><strong>hominis,</strong></span> <span class='ocrx_word' id='word_1_93' title='bbox 560 1640 591 1703; x_wconf 91' lang='lat' dir='ltr'><strong>si</strong></span> <span class='ocrx_word' id='word_1_94' title='bbox 607 1638 705 1703; x_wconf 86' lang='lat' dir='ltr'><strong>sudet</strong></span> <span class='ocrx_word' id='word_1_95' title='bbox 719 1639 884 1722; x_wconf 85' lang='lat' dir='ltr'><strong>protinus,</strong></span> <span class='ocrx_word' id='word_1_96' title='bbox 898 1638 1083 1722; x_wconf 87' lang='lat' dir='ltr'><strong>nubemque</strong></span> <span class='ocrx_word' id='word_1_97' title='bbox 1097 1634 1281 1701; x_wconf 70' lang='lat' dir='ltr'><strong>discutiat!</strong></span> 
     </span>
    </p>

    <p class='ocr_par' dir='ltr' id='par_1_4' title="bbox 267 1736 1358 2328">
     <span class='ocr_line' id='line_1_14' title="bbox 310 1736 1356 1826; baseline -0.007 -20"><span class='ocrx_word' id='word_1_98' title='bbox 310 1758 402 1806; x_wconf 71' lang='lat' dir='ltr'><strong>xm.</strong></span> <span class='ocrx_word' id='word_1_99' title='bbox 423 1745 513 1826; x_wconf 86' lang='lat' dir='ltr'><strong>(rx.)</strong></span> <span class='ocrx_word' id='word_1_100' title='bbox 536 1741 694 1805; x_wconf 77' lang='lat' dir='ltr'><strong>Laminas</strong></span> <span class='ocrx_word' id='word_1_101' title='bbox 714 1739 803 1819; x_wconf 88' lang='lat' dir='ltr'><strong>duci,</strong></span> <span class='ocrx_word' id='word_1_102' title='bbox 827 1746 862 1804; x_wconf 90' lang='lat' dir='ltr'><strong>et</strong></span> <span class='ocrx_word' id='word_1_103' title='bbox 884 1739 1111 1823; x_wconf 75' lang='lat' dir='ltr'><strong>speculationi</strong></span> <span class='ocrx_word' id='word_1_104' title='bbox 1134 1736 1285 1802; x_wconf 90' lang='lat' dir='ltr'><strong>nonnisi</strong></span> <span class='ocrx_word' id='word_1_105' title='bbox 1307 1757 1356 1800; x_wconf 82' lang='lat' dir='ltr'><strong>ex</strong></span> 
     </span>
     <span class='ocr_line' id='line_1_15' title="bbox 267 1837 1358 1927; baseline -0.006 -19"><span class='ocrx_word' id='word_1_106' title='bbox 267 1844 418 1927; x_wconf 85' lang='lat' dir='ltr'><strong>uptim0⁰</strong></span> <span class='ocrx_word' id='word_1_107' title='bbox 442 1861 546 1925; x_wconf 86' lang='lat' dir='ltr'><strong>posse</strong></span> <span class='ocrx_word' id='word_1_108' title='bbox 570 1841 732 1908; x_wconf 86' lang='lat' dir='ltr'><strong>creditum</strong></span> <span class='ocrx_word' id='word_1_109' title='bbox 758 1840 879 1907; x_wconf 81' lang='lat' dir='ltr'><strong>suerat.</strong></span> <span class='ocrx_word' id='word_1_110' title='bbox 926 1841 968 1906; x_wconf 88' lang='lat' dir='ltr'><strong>Id</strong></span> <span class='ocrx_word' id='word_1_111' title='bbox 992 1859 1126 1925; x_wconf 88' lang='lat' dir='ltr'><strong>quoqne</strong></span> <span class='ocrx_word' id='word_1_112' title='bbox 1146 1839 1217 1923; x_wconf 75' lang='lat' dir='ltr'><strong>iam</strong></span> <span class='ocrx_word' id='word_1_113' title='bbox 1240 1837 1358 1902; x_wconf 80' lang='lat' dir='ltr'><strong>fraude</strong></span> 
     </span>
     <span class='ocr_line' id='line_1_16' title="bbox 267 1939 1355 2026; baseline -0.004 -20"><span class='ocrx_word' id='word_1_114' title='bbox 267 1945 499 2026; x_wconf 84' lang='lat' dir='ltr'><strong>corrumpitur.</strong></span> <span class='ocrx_word' id='word_1_115' title='bbox 532 1943 598 2008; x_wconf 88' lang='lat' dir='ltr'><strong>Sed</strong></span> <span class='ocrx_word' id='word_1_116' title='bbox 612 1950 730 2006; x_wconf 87' lang='lat' dir='ltr'><strong>natura</strong></span> <span class='ocrx_word' id='word_1_117' title='bbox 743 1943 827 2007; x_wconf 88' lang='lat' dir='ltr'><strong>mira</strong></span> <span class='ocrx_word' id='word_1_118' title='bbox 841 1948 894 2007; x_wconf 87' lang='lat' dir='ltr'><strong>est</strong></span> <span class='ocrx_word' id='word_1_119' title='bbox 909 1941 1069 2024; x_wconf 82' lang='lat' dir='ltr'><strong>imagines</strong></span> <span class='ocrx_word' id='word_1_120' title='bbox 1082 1940 1249 2016; x_wconf 86' lang='lat' dir='ltr'><strong>reddendi,</strong></span> <span class='ocrx_word' id='word_1_121' title='bbox 1261 1939 1355 2022; x_wconf 89' lang='lat' dir='ltr'><strong>qnod</strong></span> 
     </span>
     <span class='ocr_line' id='line_1_17' title="bbox 267 2037 1358 2126; baseline -0.005 -18"><span class='ocrx_word' id='word_1_122' title='bbox 267 2062 464 2126; x_wconf 85' lang='lat' dir='ltr'><strong>repercusso</strong></span> <span class='ocrx_word' id='word_1_123' title='bbox 488 2043 564 2108; x_wconf 77' lang='lat' dir='ltr'><strong>aiire</strong></span> <span class='ocrx_word' id='word_1_124' title='bbox 593 2050 696 2126; x_wconf 82' lang='lat' dir='ltr'><strong>atque</strong></span> <span class='ocrx_word' id='word_1_125' title='bbox 718 2043 753 2106; x_wconf 91' lang='lat' dir='ltr'><strong>in</strong></span> <span class='ocrx_word' id='word_1_126' title='bbox 782 2043 901 2108; x_wconf 87' lang='lat' dir='ltr'><strong>oeulos</strong></span> <span class='ocrx_word' id='word_1_127' title='bbox 927 2047 1058 2124; x_wconf 88' lang='lat' dir='ltr'><strong>regesto</strong></span> <span class='ocrx_word' id='word_1_128' title='bbox 1082 2041 1153 2105; x_wconf 89' lang='lat' dir='ltr'><strong>tieri</strong></span> <span class='ocrx_word' id='word_1_129' title='bbox 1177 2037 1358 2104; x_wconf 64' lang='lat' dir='ltr'><strong>convenit!</strong></span> 
     </span>
     <span class='ocr_line' id='line_1_18' title="bbox 268 2141 1356 2228; baseline -0.005 -21"><span class='ocrx_word' id='word_1_130' title='bbox 268 2143 396 2208; x_wconf 85' lang='lat' dir='ltr'><strong>Eadem</strong></span> <span class='ocrx_word' id='word_1_131' title='bbox 411 2145 444 2208; x_wconf 89' lang='lat' dir='ltr'><strong>vi</strong></span> <span class='ocrx_word' id='word_1_132' title='bbox 460 2145 493 2208; x_wconf 90' lang='lat' dir='ltr'><strong>in</strong></span> <span class='ocrx_word' id='word_1_133' title='bbox 508 2143 680 2228; x_wconf 71' lang='lat' dir='ltr'><strong>speculisr</strong></span> <span class='ocrx_word' id='word_1_134' title='bbox 696 2162 757 2208; x_wconf 91' lang='lat' dir='ltr'><strong>usu</strong></span> <span class='ocrx_word' id='word_1_135' title='bbox 779 2146 885 2228; x_wconf 88' lang='lat' dir='ltr'><strong>polita</strong></span> <span class='ocrx_word' id='word_1_136' title='bbox 906 2143 1136 2218; x_wconf 83' lang='lat' dir='ltr'><strong>crassitudine,</strong></span> <span class='ocrx_word' id='word_1_137' title='bbox 1151 2141 1356 2225; x_wconf 81' lang='lat' dir='ltr'><strong>paulumque</strong></span> 
     </span>
     <span class='ocr_line' id='line_1_19' title="bbox 268 2243 1356 2328; baseline -0.005 -19"><span class='ocrx_word' id='word_1_138' title='bbox 268 2245 451 2328; x_wconf 62' lang='lat' dir='ltr'><strong>propulsae</strong></span> <span class='ocrx_word' id='word_1_139' title='bbox 475 2246 634 2310; x_wconf 83' lang='lat' dir='ltr'><strong>dilatatur</strong></span> <span class='ocrx_word' id='word_1_140' title='bbox 657 2245 692 2309; x_wconf 94' lang='lat' dir='ltr'><strong>in</strong></span> <span class='ocrx_word' id='word_1_141' title='bbox 715 2245 933 2312; x_wconf 87' lang='lat' dir='ltr'><strong>immeusnm¹</strong></span> <span class='ocrx_word' id='word_1_142' title='bbox 957 2243 1147 2325; x_wconf 89' lang='lat' dir='ltr'><strong>magnitudo</strong></span> <span class='ocrx_word' id='word_1_143' title='bbox 1167 2243 1356 2324; x_wconf 83' lang='lat' dir='ltr'><strong>imaginum.</strong></span> 
     </span>
    </p>

    <p class='ocr_par' dir='ltr' id='par_1_5' title="bbox 267 2389 1359 2648">
     <span class='ocr_line' id='line_1_20' title="bbox 300 2389 1359 2532; baseline -0.003 -27"><span class='ocrx_word' id='word_1_144' title='bbox 300 2389 390 2504; x_wconf 52' lang='lat' dir='ltr'><strong>:guz</strong></span> <span class='ocrx_word' id='word_1_145' title='bbox 397 2389 739 2517; x_wconf 46' lang='grc' dir='ltr'><strong>πιειιαεοιιιῖεἷῗῦιοιᾝὲἕρίω</strong></span> <span class='ocrx_word' id='word_1_146' title='bbox 749 2455 852 2518; x_wconf 72' lang='lat' dir='ltr'><strong>etium</strong></span> <span class='ocrx_word' id='word_1_147' title='bbox 868 2461 962 2532; x_wconf 61' lang='lat' dir='ltr'><strong>uertere</strong></span> <span class='ocrx_word' id='word_1_148' title='bbox 978 2455 1076 2506; x_wconf 71' lang='lat' dir='ltr'><strong>saticula</strong></span> <span class='ocrx_word' id='word_1_149' title='bbox 1091 2469 1120 2504; x_wconf 86' lang='lat' dir='ltr'><strong>eu</strong></span> <span class='ocrx_word' id='word_1_150' title='bbox 1135 2467 1176 2504; x_wconf 77' lang='lat' dir='ltr'><strong>eeu</strong></span> <span class='ocrx_word' id='word_1_151' title='bbox 1191 2452 1359 2530; x_wconf 50' lang='lat' dir='ltr'><strong>§earumdem</strong></span> 
     </span>
     <span class='ocr_line' id='line_1_21' title="bbox 267 2517 1358 2586; baseline -0.001 -22"><span class='ocrx_word' id='word_1_152' title='bbox 267 2521 414 2573; x_wconf 69' lang='lat' dir='ltr'><strong>attriverunt.</strong></span> <span class='ocrx_word' id='word_1_153' title='bbox 429 2520 461 2567; x_wconf 81' lang='lat' dir='ltr'><strong>ed</strong></span> <span class='ocrx_word' id='word_1_154' title='bbox 471 2525 653 2584; x_wconf 66' lang='lat' dir='ltr'><strong>mpenmtm</strong></span> <span class='ocrx_word' id='word_1_155' title='bbox 663 2522 808 2583; x_wconf 59' lang='lat' dir='ltr'><strong>mumdum,</strong></span> <span class='ocrx_word' id='word_1_156' title='bbox 817 2525 925 2586; x_wconf 62' lang='lat' dir='ltr'><strong>mittiue</strong></span> <span class='ocrx_word' id='word_1_157' title='bbox 935 2521 1018 2570; x_wconf 73' lang='lat' dir='ltr'><strong>dmm</strong></span> <span class='ocrx_word' id='word_1_158' title='bbox 1028 2523 1139 2582; x_wconf 68' lang='lat' dir='ltr'><strong>quantam</strong></span> <span class='ocrx_word' id='word_1_159' title='bbox 1148 2531 1202 2566; x_wconf 78' lang='lat' dir='ltr'><strong>nen</strong></span> <span class='ocrx_word' id='word_1_160' title='bbox 1211 2517 1248 2565; x_wconf 81' lang='lat' dir='ltr'><strong>eei</strong></span> <span class='ocrx_word' id='word_1_161' title='bbox 1261 2521 1358 2576; x_wconf 75' lang='lat' dir='ltr'><strong>urgente</strong></span> 
     </span>
     <span class='ocr_line' id='line_1_22' title="bbox 268 2579 1359 2648; baseline -0.002 -18"><span class='ocrx_word' id='word_1_162' title='bbox 268 2581 453 2644; x_wconf 67' lang='lat' dir='ltr'><strong>titianum,</strong></span> <span class='ocrx_word' id='word_1_163' title='bbox 468 2585 505 2634; x_wconf 81' lang='lat' dir='ltr'><strong>net</strong></span> <span class='ocrx_word' id='word_1_164' title='bbox 523 2587 578 2632; x_wconf 78' lang='lat' dir='ltr'><strong>oerie</strong></span> <span class='ocrx_word' id='word_1_165' title='bbox 595 2581 1270 2648; x_wconf 69' lang='lat' dir='ltr'><strong>ernm,eteeeeeripuomatemnr,mtimquidm</strong></span> <span class='ocrx_word' id='word_1_166' title='bbox 1280 2579 1359 2628; x_wconf 69' lang='lat' dir='ltr'><strong>inae·</strong></span> 
     </span>
    </p>
   </div>
   <div class='ocr_carea' id='block_1_3' title="bbox 267 2645 1109 2775">
    <p class='ocr_par' dir='ltr' id='par_1_6' title="bbox 267 2645 1109 2775">
     <span class='ocr_line' id='line_1_23' title="bbox 267 2645 655 2707; baseline 0.01 -15"><span class='ocrx_word' id='word_1_167' title='bbox 267 2645 345 2701; x_wconf 78' lang='lat' dir='ltr'><strong>dibiii.</strong></span> <span class='ocrx_word' id='word_1_168' title='bbox 357 2648 398 2695; x_wconf 79' lang='lat' dir='ltr'><strong>ud</strong></span> <span class='ocrx_word' id='word_1_169' title='bbox 408 2653 486 2696; x_wconf 77' lang='lat' dir='ltr'><strong>tannen</strong></span> <span class='ocrx_word' id='word_1_170' title='bbox 494 2648 655 2707; x_wconf 75' lang='lat' dir='ltr'><strong>enesntiente.</strong></span> 
     </span>
     <span class='ocr_line' id='line_1_24' title="bbox 301 2705 1109 2775; baseline 0 -15"><span class='ocrx_word' id='word_1_171' title='bbox 301 2705 486 2775; x_wconf 57' lang='lat' dir='ltr'><strong>‘Samenque</strong></span> <span class='ocrx_word' id='word_1_172' title='bbox 496 2727 548 2762; x_wconf 77' lang='lat' dir='ltr'><strong>eum</strong></span> <span class='ocrx_word' id='word_1_173' title='bbox 555 2713 783 2775; x_wconf 72' lang='lat' dir='ltr'><strong>mtinmdepuent.</strong></span> <span class='ocrx_word' id='word_1_174' title='bbox 976 2710 1109 2760; x_wconf 71' lang='lat' dir='ltr'><strong>‘Constet</strong></span> 
     </span>
    </p>
   </div>
   <div class='ocr_carea' id='block_1_4' title="bbox 266 2916 1362 3108">
    <p class='ocr_par' dir='ltr' id='par_1_7' title="bbox 266 2916 1362 3108">
     <span class='ocr_line' id='line_1_25' title="bbox 269 2916 1362 2991; baseline 0.004 -27"><span class='ocrx_word' id='word_1_175' title='bbox 269 2921 285 2964; x_wconf 76' lang='lat' dir='ltr'><strong>e</strong></span> <span class='ocrx_word' id='word_1_176' title='bbox 302 2918 310 2946; x_wconf 77' lang='lat'>⁸</span> <span class='ocrx_word' id='word_1_177' title='bbox 320 2916 372 2991; x_wconf 65' lang='lat' dir='ltr'><strong>die.</strong></span> <span class='ocrx_word' id='word_1_178' title='bbox 383 2933 436 2968; x_wconf 80' lang='lat' dir='ltr'><strong>eeer</strong></span> <span class='ocrx_word' id='word_1_179' title='bbox 446 2920 548 2970; x_wconf 66' lang='lat' dir='ltr'><strong>merit</strong></span> <span class='ocrx_word' id='word_1_180' title='bbox 559 2919 585 2970; x_wconf 78' lang='lat' dir='ltr'><strong>ie</strong></span> <span class='ocrx_word' id='word_1_181' title='bbox 596 2920 692 2970; x_wconf 72' lang='lat' dir='ltr'><strong>iimrcu</strong></span> <span class='ocrx_word' id='word_1_182' title='bbox 708 2926 845 2984; x_wconf 67' lang='lat' dir='ltr'><strong>manarunt.</strong></span> <span class='ocrx_word' id='word_1_183' title='bbox 879 2922 959 2984; x_wconf 69' lang='lat' dir='ltr'><strong>iugo,</strong></span> <span class='ocrx_word' id='word_1_184' title='bbox 969 2934 1021 2969; x_wconf 73' lang='lat' dir='ltr'><strong>ean</strong></span> <span class='ocrx_word' id='word_1_185' title='bbox 1032 2933 1044 2969; x_wconf 85' lang='lat' dir='ltr'><strong>e</strong></span> <span class='ocrx_word' id='word_1_186' title='bbox 1054 2932 1114 2968; x_wconf 75' lang='lat' dir='ltr'><strong>uere</strong></span> <span class='ocrx_word' id='word_1_187' title='bbox 1124 2923 1191 2966; x_wconf 75' lang='lat' dir='ltr'><strong>retro</strong></span> <span class='ocrx_word' id='word_1_188' title='bbox 1200 2921 1243 2966; x_wconf 80' lang='lat' dir='ltr'><strong>aut</strong></span> <span class='ocrx_word' id='word_1_189' title='bbox 1254 2917 1311 2966; x_wconf 77' lang='lat' dir='ltr'><strong>liure</strong></span> <span class='ocrx_word' id='word_1_190' title='bbox 1320 2933 1362 2968; x_wconf 85' lang='lat' dir='ltr'><strong>re·</strong></span> 
     </span>
     <span class='ocr_line' id='line_1_26' title="bbox 266 2980 1362 3041; baseline 0.005 -14"><span class='ocrx_word' id='word_1_191' title='bbox 266 2980 380 3041; x_wconf 72' lang='lat' dir='ltr'><strong>pumat-¹</strong></span> <span class='ocrx_word' id='word_1_192' title='bbox 399 2983 539 3032; x_wconf 72' lang='lat' dir='ltr'><strong>Deire-e</strong></span> <span class='ocrx_word' id='word_1_193' title='bbox 556 2983 599 3032; x_wconf 81' lang='lat' dir='ltr'><strong>lta</strong></span> <span class='ocrx_word' id='word_1_194' title='bbox 609 2983 684 3034; x_wconf 82' lang='lat' dir='ltr'><strong>cedd.</strong></span> <span class='ocrx_word' id='word_1_195' title='bbox 696 2984 825 3034; x_wconf 72' lang='lat' dir='ltr'><strong>nerduini</strong></span> <span class='ocrx_word' id='word_1_196' title='bbox 843 2992 870 3034; x_wconf 83' lang='lat' dir='ltr'><strong>et</strong></span> <span class='ocrx_word' id='word_1_197' title='bbox 881 2985 971 3035; x_wconf 82' lang='lat' dir='ltr'><strong>Daier.</strong></span> <span class='ocrx_word' id='word_1_198' title='bbox 982 2997 1039 3034; x_wconf 86' lang='lat' dir='ltr'><strong>eum</strong></span> <span class='ocrx_word' id='word_1_199' title='bbox 1050 2981 1110 3033; x_wconf 86' lang='lat' dir='ltr'><strong>edd.</strong></span> <span class='ocrx_word' id='word_1_200' title='bbox 1122 2981 1249 3031; x_wconf 82' lang='lat' dir='ltr'><strong>Herdniu.</strong></span> <span class='ocrx_word' id='word_1_201' title='bbox 1264 2986 1287 3032; x_wconf 90' lang='lat'><strong>1.</strong></span> <span class='ocrx_word' id='word_1_202' title='bbox 1297 2987 1324 3032; x_wconf 57' lang='grc' dir='ltr'><strong>ἢ.</strong></span> <span class='ocrx_word' id='word_1_203' title='bbox 1335 2987 1362 3032; x_wconf 76' lang='lat'><strong>8.</strong></span> 
     </span>
     <span class='ocr_line' id='line_1_27' title="bbox 269 3047 856 3108; baseline 0.012 -18"><span class='ocrx_word' id='word_1_204' title='bbox 269 3049 297 3092; x_wconf 88' lang='lat' dir='ltr'><strong>et</strong></span> <span class='ocrx_word' id='word_1_205' title='bbox 310 3051 421 3092; x_wconf 84' lang='lat' dir='ltr'><strong>receutt.</strong></span> <span class='ocrx_word' id='word_1_206' title='bbox 447 3047 578 3108; x_wconf 72' lang='lat' dir='ltr'><strong>eeruyuturi</strong></span> <span class='ocrx_word' id='word_1_207' title='bbox 586 3047 702 3096; x_wconf 76' lang='lat' dir='ltr'><strong>Gronov.</strong></span> <span class='ocrx_word' id='word_1_208' title='bbox 710 3056 737 3096; x_wconf 82' lang='lat' dir='ltr'><strong>et</strong></span> <span class='ocrx_word' id='word_1_209' title='bbox 748 3049 782 3096; x_wconf 89' lang='lat' dir='ltr'><strong>at.</strong></span> <span class='ocrx_word' id='word_1_210' title='bbox 792 3054 856 3098; x_wconf 80' lang='lat' dir='ltr'><strong>vett.</strong></span> 
     </span>
    </p>
   </div>
   <div class='ocr_carea' id='block_1_5' title="bbox 303 3106 1362 3240">
    <p class='ocr_par' dir='ltr' id='par_1_8' title="bbox 303 3106 1362 3240">
     <span class='ocr_line' id='line_1_28' title="bbox 303 3106 1263 3173; baseline 0.003 -18"><span class='ocrx_word' id='word_1_211' title='bbox 303 3106 369 3157; x_wconf 70' lang='lat' dir='ltr'><strong>Car.</strong></span> <span class='ocrx_word' id='word_1_212' title='bbox 379 3119 457 3160; x_wconf 82' lang='lat' dir='ltr'><strong>xurr.</strong></span> <span class='ocrx_word' id='word_1_213' title='bbox 491 3113 503 3158; x_wconf 90' lang='grc'>1</span> <span class='ocrx_word' id='word_1_214' title='bbox 522 3109 583 3157; x_wconf 87' lang='lat' dir='ltr'><strong>Vet.</strong></span> <span class='ocrx_word' id='word_1_215' title='bbox 592 3109 792 3159; x_wconf 65' lang='lat' dir='ltr'><strong>veneremur</strong></span> <span class='ocrx_word' id='word_1_216' title='bbox 802 3112 920 3161; x_wconf 73' lang='lat' dir='ltr'><strong>enine—2</strong></span> <span class='ocrx_word' id='word_1_217' title='bbox 936 3112 983 3161; x_wconf 73' lang='lat' dir='ltr'><strong>Eut</strong></span> <span class='ocrx_word' id='word_1_218' title='bbox 994 3111 1090 3173; x_wconf 73' lang='lat' dir='ltr'><strong>aliquod</strong></span> <span class='ocrx_word' id='word_1_219' title='bbox 1098 3109 1160 3161; x_wconf 87' lang='lat' dir='ltr'><strong>Vet.</strong></span> <span class='ocrx_word' id='word_1_220' title='bbox 1171 3108 1263 3158; x_wconf 69' lang='lat' dir='ltr'><strong>narce.</strong></span> 
     </span>
     <span class='ocr_line' id='line_1_29' title="bbox 303 3171 1362 3240; baseline 0.002 -20"><span class='ocrx_word' id='word_1_221' title='bbox 303 3171 370 3222; x_wconf 74' lang='lat' dir='ltr'><strong>cnr.</strong></span> <span class='ocrx_word' id='word_1_222' title='bbox 381 3184 445 3222; x_wconf 80' lang='lat' dir='ltr'><strong>xer.</strong></span> <span class='ocrx_word' id='word_1_223' title='bbox 480 3178 491 3223; x_wconf 90' lang='lat'>1</span> <span class='ocrx_word' id='word_1_224' title='bbox 510 3173 572 3224; x_wconf 80' lang='lat' dir='ltr'><strong>Vet·</strong></span> <span class='ocrx_word' id='word_1_225' title='bbox 585 3173 675 3224; x_wconf 84' lang='lat' dir='ltr'><strong>Daiee.</strong></span> <span class='ocrx_word' id='word_1_226' title='bbox 687 3175 791 3236; x_wconf 71' lang='lat' dir='ltr'><strong>merita</strong></span> <span class='ocrx_word' id='word_1_227' title='bbox 808 3182 879 3226; x_wconf 69' lang='lat' dir='ltr'><strong>crura</strong></span> <span class='ocrx_word' id='word_1_228' title='bbox 895 3191 952 3240; x_wconf 79' lang='lat' dir='ltr'><strong>pue.</strong></span> <span class='ocrx_word' id='word_1_229' title='bbox 967 3177 1075 3240; x_wconf 74' lang='lat' dir='ltr'><strong>pereutere</strong></span> <span class='ocrx_word' id='word_1_230' title='bbox 1091 3174 1135 3226; x_wconf 80' lang='lat' dir='ltr'><strong>dd.</strong></span> <span class='ocrx_word' id='word_1_231' title='bbox 1144 3173 1199 3234; x_wconf 72' lang='lat' dir='ltr'><strong>jure</strong></span> <span class='ocrx_word' id='word_1_232' title='bbox 1215 3174 1362 3222; x_wconf 69' lang='lat' dir='ltr'><strong>dimensa.-</strong></span> 
     </span>
    </p>
   </div>
   <div class='ocr_carea' id='block_1_6' title="bbox 764 3286 872 3340">
    <p class='ocr_par' dir='ltr' id='par_1_9' title="bbox 764 3286 872 3340">
     <span class='ocr_line' id='line_1_30' title="bbox 764 3286 872 3340; baseline 0.019 -2"><span class='ocrx_word' id='word_1_233' title='bbox 764 3286 872 3340; x_wconf 77' lang='lat' dir='ltr'>NOTAE</span> 
     </span>
    </p>
   </div>
   <div class='ocr_carea' id='block_1_7' title="bbox 269 3381 1389 4278">
    <p class='ocr_par' dir='ltr' id='par_1_10' title="bbox 269 3381 1365 3599">
     <span class='ocr_line' id='line_1_31' title="bbox 303 3381 1362 3450; baseline 0 -19"><span class='ocrx_word' id='word_1_234' title='bbox 303 3381 310 3416; x_wconf 90' lang='lat'><strong>¹</strong></span> <span class='ocrx_word' id='word_1_235' title='bbox 327 3382 419 3438; x_wconf 75' lang='lat' dir='ltr'><strong>Quodn</strong></span> <span class='ocrx_word' id='word_1_236' title='bbox 431 3383 498 3450; x_wconf 76' lang='lat' dir='ltr'><strong>son]</strong></span> <span class='ocrx_word' id='word_1_237' title='bbox 506 3383 660 3447; x_wconf 62' lang='lat' dir='ltr'><strong>urbasus</strong></span> <span class='ocrx_word' id='word_1_238' title='bbox 670 3383 796 3448; x_wconf 55' lang='lat' dir='ltr'><strong>rudiatur,</strong></span> <span class='ocrx_word' id='word_1_239' title='bbox 835 3385 891 3435; x_wconf 83' lang='lat' dir='ltr'><strong>teli.</strong></span> <span class='ocrx_word' id='word_1_240' title='bbox 910 3399 929 3435; x_wconf 87' lang='lat' dir='ltr'><strong>r.</strong></span> <span class='ocrx_word' id='word_1_241' title='bbox 949 3389 975 3436; x_wconf 69' lang='lat'><strong>⁸.</strong></span> <span class='ocrx_word' id='word_1_242' title='bbox 995 3388 1050 3434; x_wconf 83' lang='lat'>1⁰1.</span> <span class='ocrx_word' id='word_1_243' title='bbox 1069 3382 1176 3445; x_wconf 82' lang='lat' dir='ltr'><strong>epeeuie</strong></span> <span class='ocrx_word' id='word_1_244' title='bbox 1197 3395 1231 3431; x_wconf 79' lang='lat' dir='ltr'><strong>ex</strong></span> <span class='ocrx_word' id='word_1_245' title='bbox 1252 3388 1362 3444; x_wconf 78' lang='lat' dir='ltr'><strong>urgente</strong></span> 
     </span>
     <span class='ocr_line' id='line_1_32' title="bbox 269 3456 1365 3524; baseline 0.001 -20"><span class='ocrx_word' id='word_1_246' title='bbox 269 3456 354 3518; x_wconf 86' lang='lat' dir='ltr'><strong>iuquit</strong></span> <span class='ocrx_word' id='word_1_247' title='bbox 364 3457 491 3521; x_wconf 74' lang='lat' dir='ltr'><strong>Theophr.</strong></span> <span class='ocrx_word' id='word_1_248' title='bbox 503 3460 551 3509; x_wconf 87' lang='lat' dir='ltr'><strong>ine.</strong></span> <span class='ocrx_word' id='word_1_249' title='bbox 563 3460 608 3510; x_wconf 86' lang='lat' dir='ltr'><strong>nit.</strong></span> <span class='ocrx_word' id='word_1_250' title='bbox 619 3460 744 3524; x_wconf 82' lang='lat' dir='ltr'><strong>nbiimjne</strong></span> <span class='ocrx_word' id='word_1_251' title='bbox 752 3474 796 3510; x_wconf 86' lang='lat' dir='ltr'><strong>ex·</strong></span> <span class='ocrx_word' id='word_1_252' title='bbox 834 3458 907 3510; x_wconf 79' lang='lat' dir='ltr'><strong>faeta</strong></span> <span class='ocrx_word' id='word_1_253' title='bbox 918 3459 1030 3509; x_wconf 82' lang='lat' dir='ltr'><strong>indicet:</strong></span> <span class='ocrx_word' id='word_1_254' title='bbox 1051 3458 1060 3486; x_wconf 80' lang='lat'><em>⁴</em></span> <span class='ocrx_word' id='word_1_255' title='bbox 1071 3457 1114 3508; x_wconf 82' lang='lat' dir='ltr'><strong>Su.</strong></span> <span class='ocrx_word' id='word_1_256' title='bbox 1132 3457 1204 3520; x_wconf 81' lang='lat' dir='ltr'><strong>Cape</strong></span> <span class='ocrx_word' id='word_1_257' title='bbox 1216 3456 1294 3520; x_wconf 82' lang='lat' dir='ltr'><strong>igitur</strong></span> <span class='ocrx_word' id='word_1_258' title='bbox 1302 3471 1365 3520; x_wconf 77' lang='lat' dir='ltr'><strong>epe·</strong></span> 
     </span>
     <span class='ocr_line' id='line_1_33' title="bbox 271 3532 1362 3599; baseline 0.006 -20"><span class='ocrx_word' id='word_1_259' title='bbox 271 3532 408 3594; x_wconf 80' lang='lat' dir='ltr'><strong>perimenti</strong></span> <span class='ocrx_word' id='word_1_260' title='bbox 419 3547 508 3582; x_wconf 80' lang='lat' dir='ltr'><strong>enneae</strong></span> <span class='ocrx_word' id='word_1_261' title='bbox 519 3533 605 3584; x_wconf 79' lang='lat' dir='ltr'><strong>affert.</strong></span> <span class='ocrx_word' id='word_1_262' title='bbox 835 3539 921 3589; x_wconf 87' lang='lat' dir='ltr'><strong>euiuur</strong></span> <span class='ocrx_word' id='word_1_263' title='bbox 934 3568 1038 3588; x_wconf 78' lang='grc'><strong>......</strong></span> <span class='ocrx_word' id='word_1_264' title='bbox 1050 3537 1169 3587; x_wconf 79' lang='lat' dir='ltr'><strong>Linteum</strong></span> <span class='ocrx_word' id='word_1_265' title='bbox 1191 3550 1266 3599; x_wconf 79' lang='lat' dir='ltr'><strong>cepe,</strong></span> <span class='ocrx_word' id='word_1_266' title='bbox 1283 3543 1362 3599; x_wconf 85' lang='lat' dir='ltr'><strong>etque</strong></span> 
     </span>
    </p>

    <p class='ocr_par' dir='ltr' id='par_1_11' title="bbox 270 3607 1389 3825">
     <span class='ocr_line' id='line_1_34' title="bbox 301 3607 1364 3676; baseline 0.006 -20"><span class='ocrx_word' id='word_1_267' title='bbox 301 3614 320 3641; x_wconf 82' lang='lat'>¹</span> <span class='ocrx_word' id='word_1_268' title='bbox 337 3607 387 3656; x_wconf 79' lang='lat' dir='ltr'><strong>Hie</strong></span> <span class='ocrx_word' id='word_1_269' title='bbox 400 3608 507 3657; x_wconf 70' lang='lat' dir='ltr'><strong>mentitis</strong></span> <span class='ocrx_word' id='word_1_270' title='bbox 521 3609 606 3672; x_wconf 73' lang='lat' dir='ltr'><strong>periti]</strong></span> <span class='ocrx_word' id='word_1_271' title='bbox 625 3609 697 3660; x_wconf 80' lang='lat' dir='ltr'><strong>Quen</strong></span> <span class='ocrx_word' id='word_1_272' title='bbox 714 3611 795 3674; x_wconf 83' lang='lat' dir='ltr'><strong>Speu-</strong></span> <span class='ocrx_word' id='word_1_273' title='bbox 835 3621 944 3676; x_wconf 75' lang='lat' dir='ltr'><strong>exterge</strong></span> <span class='ocrx_word' id='word_1_274' title='bbox 960 3613 1007 3662; x_wconf 88' lang='lat' dir='ltr'><strong>tibi</strong></span> <span class='ocrx_word' id='word_1_275' title='bbox 1024 3625 1121 3662; x_wconf 79' lang='lat' dir='ltr'><strong>manue.</strong></span> <span class='ocrx_word' id='word_1_276' title='bbox 1154 3611 1221 3660; x_wconf 75' lang='lat' dir='ltr'><strong>Pur.</strong></span> <span class='ocrx_word' id='word_1_277' title='bbox 1235 3608 1303 3661; x_wconf 82' lang='lat' dir='ltr'><strong>Quid</strong></span> <span class='ocrx_word' id='word_1_278' title='bbox 1324 3611 1364 3662; x_wconf 86' lang='lat' dir='ltr'><strong>ite</strong></span> 
     </span>
     <span class='ocr_line' id='line_1_35' title="bbox 271 3683 1389 3749; baseline 0.001 -17"><span class='ocrx_word' id='word_1_279' title='bbox 271 3687 366 3734; x_wconf 75' lang='lat' dir='ltr'><strong>tutores</strong></span> <span class='ocrx_word' id='word_1_280' title='bbox 387 3689 416 3732; x_wconf 92' lang='lat' dir='ltr'><strong>et</strong></span> <span class='ocrx_word' id='word_1_281' title='bbox 435 3683 623 3747; x_wconf 80' lang='lat' dir='ltr'><strong>Expectatoree</strong></span> <span class='ocrx_word' id='word_1_282' title='bbox 642 3683 708 3734; x_wconf 78' lang='lat' dir='ltr'><strong>dixit</strong></span> <span class='ocrx_word' id='word_1_283' title='bbox 728 3685 795 3734; x_wconf 83' lang='lat' dir='ltr'><strong>enti-</strong></span> <span class='ocrx_word' id='word_1_284' title='bbox 836 3687 962 3736; x_wconf 81' lang='lat' dir='ltr'><strong>ubeeerui</strong></span> <span class='ocrx_word' id='word_1_285' title='bbox 994 3687 1039 3736; x_wconf 81' lang='lat' dir='ltr'><strong>Se.</strong></span> <span class='ocrx_word' id='word_1_286' title='bbox 1054 3686 1093 3736; x_wconf 85' lang='lat' dir='ltr'><strong>Ut</strong></span> <span class='ocrx_word' id='word_1_287' title='bbox 1101 3686 1234 3749; x_wconf 83' lang='lat' dir='ltr'><strong>epeeuiuru</strong></span> <span class='ocrx_word' id='word_1_288' title='bbox 1246 3684 1363 3748; x_wconf 69' lang='lat' dir='ltr'><strong>tenuisti,</strong></span> <span class='ocrx_word' id='word_1_289' title='bbox 1382 3729 1389 3740; x_wconf 83' lang='grc'>,</span> 
     </span>
     <span class='ocr_line' id='line_1_36' title="bbox 270 3759 1362 3825; baseline 0.004 -19"><span class='ocrx_word' id='word_1_290' title='bbox 270 3759 364 3823; x_wconf 78' lang='lat' dir='ltr'><strong>quites.</strong></span> <span class='ocrx_word' id='word_1_291' title='bbox 835 3761 1196 3825; x_wconf 74' lang='lat' dir='ltr'><strong>metuoueeimutergeutum</strong></span> <span class='ocrx_word' id='word_1_292' title='bbox 1204 3774 1307 3810; x_wconf 80' lang='lat' dir='ltr'><strong>meum:</strong></span> <span class='ocrx_word' id='word_1_293' title='bbox 1319 3761 1362 3812; x_wconf 85' lang='lat' dir='ltr'><strong>Ne</strong></span> 
     </span>
    </p>

    <p class='ocr_par' dir='ltr' id='par_1_12' title="bbox 269 3833 1370 4125">
     <span class='ocr_line' id='line_1_37' title="bbox 302 3833 1361 3900; baseline 0.004 -16"><span class='ocrx_word' id='word_1_294' title='bbox 302 3842 315 3868; x_wconf 79' lang='lat'><strong>¹²</strong></span> <span class='ocrx_word' id='word_1_295' title='bbox 332 3833 432 3884; x_wconf 78' lang='lat' dir='ltr'><strong>Batiilie</strong></span> <span class='ocrx_word' id='word_1_296' title='bbox 444 3833 546 3897; x_wconf 71' lang='lat' dir='ltr'><strong>laureis]</strong></span> <span class='ocrx_word' id='word_1_297' title='bbox 567 3834 691 3884; x_wconf 82' lang='lat' dir='ltr'><strong>Betiiiuur</strong></span> <span class='ocrx_word' id='word_1_298' title='bbox 702 3833 796 3884; x_wconf 78' lang='lat' dir='ltr'><strong>iustru·</strong></span> <span class='ocrx_word' id='word_1_299' title='bbox 835 3850 942 3900; x_wconf 80' lang='lat' dir='ltr'><strong>nequem</strong></span> <span class='ocrx_word' id='word_1_300' title='bbox 957 3843 1093 3899; x_wconf 84' lang='lat' dir='ltr'><strong>argeutum</strong></span> <span class='ocrx_word' id='word_1_301' title='bbox 1113 3842 1140 3886; x_wconf 90' lang='lat' dir='ltr'><strong>te</strong></span> <span class='ocrx_word' id='word_1_302' title='bbox 1154 3836 1288 3900; x_wconf 77' lang='lat' dir='ltr'><strong>eueepiere</strong></span> <span class='ocrx_word' id='word_1_303' title='bbox 1307 3851 1361 3888; x_wconf 83' lang='lat' dir='ltr'><strong>rue·</strong></span> 
     </span>
     <span class='ocr_line' id='line_1_38' title="bbox 271 3899 1370 3976; baseline 0.002 -17"><span class='ocrx_word' id='word_1_304' title='bbox 271 3917 385 3960; x_wconf 80' lang='lat' dir='ltr'><strong>mentum</strong></span> <span class='ocrx_word' id='word_1_305' title='bbox 396 3908 509 3959; x_wconf 89' lang='lat' dir='ltr'><strong>t&#39;erreum</strong></span> <span class='ocrx_word' id='word_1_306' title='bbox 526 3918 577 3972; x_wconf 85' lang='lat' dir='ltr'><strong>eet,</strong></span> <span class='ocrx_word' id='word_1_307' title='bbox 593 3923 644 3974; x_wconf 88' lang='lat' dir='ltr'><strong>qun</strong></span> <span class='ocrx_word' id='word_1_308' title='bbox 656 3922 750 3971; x_wconf 78' lang='lat' dir='ltr'><strong>prunae</strong></span> <span class='ocrx_word' id='word_1_309' title='bbox 760 3910 797 3959; x_wconf 88' lang='lat' dir='ltr'><strong>ei·</strong></span> <span class='ocrx_word' id='word_1_310' title='bbox 836 3911 938 3976; x_wconf 76' lang='lat' dir='ltr'><strong>nicatur</strong></span> <span class='ocrx_word' id='word_1_311' title='bbox 949 3909 1130 3962; x_wconf 73' lang='lat' dir='ltr'><strong>Philolaches-¹</strong></span> <span class='ocrx_word' id='word_1_312' title='bbox 1366 3899 1370 3906; x_wconf 49' lang='lat'><strong><em>⁴</em></strong></span> 
     </span>
     <span class='ocr_line' id='line_1_39' title="bbox 270 3982 1363 4051; baseline 0.003 -17"><span class='ocrx_word' id='word_1_313' title='bbox 270 3997 398 4050; x_wconf 78' lang='lat' dir='ltr'><strong>neterque</strong></span> <span class='ocrx_word' id='word_1_314' title='bbox 424 3985 546 4044; x_wconf 82' lang='lat' dir='ltr'><strong>tollimur,</strong></span> <span class='ocrx_word' id='word_1_315' title='bbox 569 3982 796 4050; x_wconf 78' lang='lat' dir='ltr'><strong>trenetedmneqee</strong></span> <span class='ocrx_word' id='word_1_316' title='bbox 867 3985 1172 4050; x_wconf 61' lang='lat' dir='ltr'><strong>remaneremus]</strong></span> <span class='ocrx_word' id='word_1_317' title='bbox 1188 3987 1363 4051; x_wconf 72' lang='lat' dir='ltr'><strong>Queperiter</strong></span> 
     </span>
     <span class='ocr_line' id='line_1_40' title="bbox 269 4059 1362 4125; baseline 0.005 -17"><span class='ocrx_word' id='word_1_318' title='bbox 269 4059 337 4110; x_wconf 81' lang='lat' dir='ltr'><strong>aiio:</strong></span> <span class='ocrx_word' id='word_1_319' title='bbox 358 4061 561 4123; x_wconf 78' lang='lat' dir='ltr'><strong>Unepettedsea.</strong></span> <span class='ocrx_word' id='word_1_320' title='bbox 836 4068 911 4110; x_wconf 82' lang='lat' dir='ltr'><strong>eraut</strong></span> <span class='ocrx_word' id='word_1_321' title='bbox 922 4073 955 4110; x_wconf 75' lang='lat' dir='ltr'><strong>ex</strong></span> <span class='ocrx_word' id='word_1_322' title='bbox 965 4069 1072 4125; x_wconf 82' lang='lat' dir='ltr'><strong>argento</strong></span> <span class='ocrx_word' id='word_1_323' title='bbox 1081 4059 1201 4111; x_wconf 84' lang='lat' dir='ltr'><strong>nuntiete.</strong></span> <span class='ocrx_word' id='word_1_324' title='bbox 1218 4062 1295 4113; x_wconf 84' lang='lat' dir='ltr'><strong>Nune</strong></span> <span class='ocrx_word' id='word_1_325' title='bbox 1304 4061 1362 4114; x_wconf 82' lang='lat' dir='ltr'><strong>sere</strong></span> 
     </span>
    </p>

    <p class='ocr_par' dir='ltr' id='par_1_13' title="bbox 270 4135 1360 4278">
     <span class='ocr_line' id='line_1_41' title="bbox 302 4135 1360 4202; baseline 0.006 -17"><span class='ocrx_word' id='word_1_326' title='bbox 302 4143 314 4170; x_wconf 87' lang='lat'><strong>⁰</strong></span> <span class='ocrx_word' id='word_1_327' title='bbox 326 4137 382 4186; x_wconf 81' lang='lat' dir='ltr'><strong>Nee</strong></span> <span class='ocrx_word' id='word_1_328' title='bbox 392 4137 439 4186; x_wconf 73' lang='lat' dir='ltr'><strong>eat</strong></span> <span class='ocrx_word' id='word_1_329' title='bbox 449 4153 481 4188; x_wconf 76' lang='lat' dir='ltr'><strong>ex</strong></span> <span class='ocrx_word' id='word_1_330' title='bbox 490 4136 587 4202; x_wconf 64' lang='lat' dir='ltr'><strong>uptam]</strong></span> <span class='ocrx_word' id='word_1_331' title='bbox 600 4136 718 4200; x_wconf 80' lang='lat' dir='ltr'><strong>Argeutu</strong></span> <span class='ocrx_word' id='word_1_332' title='bbox 728 4135 796 4185; x_wconf 78' lang='lat' dir='ltr'><strong>erili·</strong></span> <span class='ocrx_word' id='word_1_333' title='bbox 835 4135 902 4186; x_wconf 81' lang='lat' dir='ltr'><strong>fiunt</strong></span> <span class='ocrx_word' id='word_1_334' title='bbox 913 4151 946 4186; x_wconf 79' lang='lat' dir='ltr'><strong>er</strong></span> <span class='ocrx_word' id='word_1_335' title='bbox 963 4135 1063 4201; x_wconf 80' lang='lat' dir='ltr'><strong>optime</strong></span> <span class='ocrx_word' id='word_1_336' title='bbox 1078 4135 1207 4187; x_wconf 82' lang='lat' dir='ltr'><strong>durieeimi</strong></span> <span class='ocrx_word' id='word_1_337' title='bbox 1222 4136 1283 4188; x_wconf 79' lang='lat' dir='ltr'><strong>terri</strong></span> <span class='ocrx_word' id='word_1_338' title='bbox 1296 4147 1360 4190; x_wconf 83' lang='lat' dir='ltr'><strong>tenr-</strong></span> 
     </span>
     <span class='ocr_line' id='line_1_42' title="bbox 270 4209 1283 4278; baseline 0 -16"><span class='ocrx_word' id='word_1_339' title='bbox 270 4216 321 4268; x_wconf 83' lang='lat' dir='ltr'><strong>eet‚</strong></span> <span class='ocrx_word' id='word_1_340' title='bbox 333 4209 367 4260; x_wconf 87' lang='lat' dir='ltr'><strong>de</strong></span> <span class='ocrx_word' id='word_1_341' title='bbox 378 4227 430 4276; x_wconf 84' lang='lat' dir='ltr'><strong>qne</strong></span> <span class='ocrx_word' id='word_1_342' title='bbox 438 4227 560 4278; x_wconf 70' lang='lat' dir='ltr'><strong>eunoun.</strong></span> <span class='ocrx_word' id='word_1_343' title='bbox 570 4213 678 4264; x_wconf 82' lang='lat' dir='ltr'><strong>Pteutm</strong></span> <span class='ocrx_word' id='word_1_344' title='bbox 689 4212 715 4264; x_wconf 88' lang='lat' dir='ltr'><strong>iu</strong></span> <span class='ocrx_word' id='word_1_345' title='bbox 726 4211 796 4262; x_wconf 79' lang='lat' dir='ltr'><strong>Mer·</strong></span> <span class='ocrx_word' id='word_1_346' title='bbox 835 4217 967 4274; x_wconf 75' lang='lat' dir='ltr'><strong>geneture,</strong></span> <span class='ocrx_word' id='word_1_347' title='bbox 976 4223 1034 4274; x_wconf 79' lang='lat' dir='ltr'><strong>que</strong></span> <span class='ocrx_word' id='word_1_348' title='bbox 1044 4209 1135 4261; x_wconf 74' lang='lat' dir='ltr'><strong>nutris</strong></span> <span class='ocrx_word' id='word_1_349' title='bbox 1145 4212 1174 4262; x_wconf 80' lang='lat' dir='ltr'><strong>de</strong></span> <span class='ocrx_word' id='word_1_350' title='bbox 1184 4211 1283 4262; x_wconf 75' lang='lat' dir='ltr'><strong>l&#39;Aeiec.</strong></span> 
     </span>
    </p>
   </div>
   <div class='ocr_carea' id='block_1_8' title="bbox 0 0 1568 4884">
    <p class='ocr_par' dir='ltr' id='par_1_14' title="bbox 0 0 1568 4884">
     <span class='ocr_line' id='line_1_43' title="bbox 0 0 1568 4884; baseline 0 0"><span class='ocrx_word' id='word_1_351' title='bbox 0 0 1568 4884; x_wconf 95' lang='lat' dir='ltr'><strong> </strong></span> 
     </span>
    </p>
   </div>
  </div>
 </body>
</html>
