3098 4884
275 385 362 452 taen
640 401 670 446 c.
695 399 816 448 aaran
843 399 1005 447 sacuam

277 549 338 618 tur,
352 542 533 606 etiamnum
549 539 724 602 retinentes
739 558 868 615 nomen,
885 541 1041 606 Fortunae
1055 539 1209 603 inaurato
1220 537 1267 602 ibi
1282 536 1363 600 lide-

276 642 402 705 lissime
416 640 604 704 simulacro.
641 639 802 703 Proxima
815 640 953 704 bractea
967 639 1150 724 quaestoria
1164 638 1364 721 appellatur.

277 741 447 823 Hispania
463 739 605 820 strigiles
619 747 720 804 vocat
734 741 806 804 anri
827 740 983 822 parvulas
1004 757 1143 815 massas,
1157 738 1247 821 qnod
1262 757 1365 819 super

278 843 391 904 omnia
405 840 512 905 solum
525 843 558 904 in
571 859 684 904 massa
698 849 758 904 aut
774 847 918 904 ramento
933 841 1072 922 capitur.
1103 839 1184 904 Cum
1201 845 1314 908 cetera
1328 839 1363 900 in

276 941 462 1006 metallis⁶⁶
475 948 605 1022 reperta
619 941 686 1022 igni
702 940 927 1023 perficiantur,
940 940 1004 1004 huc
1026 941 1136 1004 statim
1153 958 1268 1002 aurum
1285 935 1365 1014 est,¹¹

278 1048 606 1123 consummatamque
627 1043 807 1105 materiam
822 1042 971 1123 protinus
994 1040 1104 1111 habet,
1119 1059 1195 1103 cum
1210 1041 1259 1103 ita
1273 1041 1364 1102 inue-

276 1145 374 1206 nitur.
417 1143 603 1206 Haecenim
624 1143 771 1206 inventio
794 1145 866 1226 eJus
891 1141 1049 1206 naturalis
1071 1144 1139 1216 est:
1164 1140 1243 1215 alia,
1266 1157 1365 1220 quam

278 1242 440 1318 dicemus,
455 1247 585 1306 coacta.
628 1243 736 1324 Super
750 1240 877 1307 nemra*
890 1261 957 1306 non
972 1242 1089 1321 rubigo
1103 1241 1183 1317 ulla,
1197 1259 1264 1304 non
1274 1259 1366 1304 «aern-

278 1361 333 1422 gc,
348 1362 411 1406 non
426 1341 517 1406 aliud
530 1361 573 1406 ex
588 1343 664 1425 ipso
680 1343 769 1424 quod
785 1349 960 1408 consumat
982 1343 1176 1418 bonitatem,
1191 1341 1365 1405 minuatve

277 1441 422 1522 pendas.
450 1441 529 1505 Jam
540 1447 654 1505 cenna
665 1442 747 1506 salis
759 1450 791 1507 et
801 1444 888 1508 acati
903 1461 1035 1518 succes,
1052 1442 1367 1515 domitoresrerum,

169 1569 173 1574 ·
277 1544 481 1606 comtautia:
504 1561 669 1623 superque
695 1542 804 1606 omnia
830 1551 933 1618 netur,
956 1562 996 1605 ac
1018 1543 1139 1606 texitur
1154 1541 1241 1606 lanae
1255 1541 1368 1616 mode,

278 1649 313 1704 et
327 1641 397 1704 sine
411 1642 498 1706 lana.
541 1641 672 1707 Tunica
687 1662 790 1707 aurea
803 1642 1028 1725 triumphasse
1043 1643 1259 1725 Tarquinium
1272 1641 1366 1704 Pris-

279 1759 354 1803 cum
379 1740 515 1806 Verrius
544 1743 669 1807 docet-⁷
722 1743 798 1808 Noe
820 1743 963 1807 vidimus
986 1740 1206 1824 Agrippinam
1231 1739 1369 1814 Claudii

278 1841 462 1923 principis,J
477 1843 594 1908 edente
610 1843 673 1908 eo'
687 1844 817 1908 navalis
833 1843 942 1926 praelii
964 1843 1204 1924 spectaculum,
1219 1841 1368 1904 assiden-

279 1946 347 2002 tem
363 1941 405 2018 ei,
420 1942 568 2006 indutam
583 1945 832 2027 paludamento,
848 1963 929 2007 auro
944 1941 1056 2007 textili
1069 1938 1105 1991 ⁹¹¹
1121 1943 1193 2004 sine
1215 1942 1281 2005 alia
1296 1961 1369 2005 ma-

280 2042 401 2104 teria.¹⁰
440 2041 600 2107 Attalicis
623 2040 720 2108 vero¹
736 2043 934 2128 jampridem
960 2041 1129 2117 intexitur,
1154 2041 1291 2104 inventu
1313 2059 1369 2103 re·

280 2159 356 2220 gum
371 2141 478 2205 Asiae.

286 2368 288 2374 ι
312 2302 468 2364 rasurae
478 2304 611 2356 munere

735 2395 917 2418 NWOO

278 2513 321 2562 rit.
354 2512 426 2576 Mox,
445 2512 513 2562 &aaa
528 2513 644 2562 duamur
655 2513 716 2560 Vct.
732 2511 872 2560 halec-tl
891 2514 952 2561 Cura
964 2517 1042 2560 cetera
1055 2513 1158 2562 metallis
1170 2512 1283 2561 Gronov.
1294 2519 1321 2562 et
1333 2514 1374 2564 al.

279 2583 340 2626 ante
353 2577 528 2626 flaminia-'l
547 2577 590 2626 lta
600 2591 632 2624 ex
643 2574 717 2626 codd.
728 2575 876 2623 Hardninur
885 2585 912 2624 et
923 2584 1032 2625 receutt.
1063 2577 1159 2624 Verrius
1169 2577 1244 2626 trudit
1253 2577 1371 2626 Gronov.

279 2649 307 2688 et
320 2643 452 2702 rum-8
468 2641 557 2699 Margo
569 2639 628 2689 edri.
642 2641 730 2688 putee.
743 2646 770 2688 et
782 2638 896 2688 Gronov.
913 2641 1006 2688 mdeste
1017 2653 1042 2687 ec
1053 2641 1141 2690 «οι-9
1156 2641 1217 2689 Vet.
1227 2641 1321 2691 Dalrc.
1337 2655 1372 2689 ex

279 2718 336 2752 nuru
348 2705 502 2753 textili—itt
519 2703 561 2752 Ita
571 2703 647 2752 codd.
660 2703 742 2763 Regu.
753 2703 828 2752 Brct.
846 2712 874 2752 et
891 2703 979 2751 Editio
991 2703 1121 2767 princeps.
1148 2704 1198 2753 riae
1212 2704 1261 2753 utic
1271 2706 1371 2752 nunu

279 2766 394 2818 Gronov.
403 2769 436 2816 al.
448 2775 511 2817 vett.
522 2766 649 2817 liarduiu.
659 2772 682 2817 l.
691 2771 715 2817 2.
726 2771 750 2816 8.
762 2773 790 2815 et
798 2771 908 2815 receutt.

770 2911 881 2962 NOTAE

311 3008 395 3056 hHuc
413 3009 496 3058 stetin
513 3023 596 3058 canat
611 3007 658 3070 ert]
677 3006 741 3057 Auri
760 3023 806 3070 pu·
845 3006 956 3055 sermm
965 3007 1112 3070 nequitque
1124 3007 1232 3069 arbitrie,
1243 3007 1372 3058 attnamn

280 3081 372 3131 rirsimi
384 3096 472 3145 graue,
491 3095 540 3130 ceu
559 3095 653 3144 arent,
668 3083 695 3129 in
712 3081 807 3130 {odinis
849 3082 963 3130 Utuntur
971 3085 996 3129 el
1007 3083 1071 3129 Nera
1084 3083 1216 3142 gratulat,
1232 3083 1371 3145 Agrippina

280 3157 451 3220 reperiuntur.
467 3155 601 3206 ‘Granum
612 3155 808 3205 intentnmeme
846 3156 1231 3220 campanae-pateremus
1248 3173 1305 3206 aare
1316 3163 1373 3207 tex·

281 3236 337 3282 ltro.
349 3246 491 3281 marcarum
504 3229 594 3280 rimnl'
609 3237 700 3281 tuctur
710 3237 751 3279 ast
762 3229 807 3279 lll-
847 3235 905 3279 turn.

280 3307 369 3356 bertnr
380 3308 418 3356 Μ.
426 3309 478 3356 loc.
491 3307 535 3355 cit.
853 3317 858 3323 ·
880 3302 892 3336 '¹
908 3305 974 3353 nem
985 3303 1079 3367 textili]
1101 3304 1157 3355 Filc
1170 3307 1239 3355 teuui
1255 3305 1370 3355 deduce·

311 3383 318 3415 ¹
334 3381 505 3445 Supercetern]
523 3381 607 3431 Etiam
618 3388 806 3445 aqna,terrare
847 3379 926 3428 batur
937 3393 1034 3436 aurum,
1049 3394 1131 3444 ecque
1149 3387 1233 3431 uerter
1249 3382 1373 3432 ureban-

280 3455 419 3517 sepultum,
440 3456 479 3503 rel
492 3455 605 3518 pluribus
616 3456 727 3511 taeniis,
738 3455 806 3504 rubi·
846 3461 895 3504 tur.
928 3455 1045 3505 Sidonius
1074 3454 1189 3520 Apsilia.
1220 3469 1292 3508 χιιι.
1314 3461 1373 3509 199.

280 3529 364 3591 giusta
376 3529 470 3578 nullam
481 3529 618 3580 contrahit.
845 3530 915 3579 ‘Vel
926 3531 1036 3579 stamine
1047 3529 1118 3580 fulve
1138 3532 1308 3596 Proegnautes
1320 3531 1374 3583 fusi

321 3599 330 3642 l
353 3601 514 3664 Agrippinum
544 3603 641 3651 clandii
664 3595 806 3667 'print-mir]
845 3605 969 3654 mellitum
982 3619 1057 3654 nerse
1077 3607 1226 3656 metallum!
1258 3609 1300 3657 De
1311 3607 1375 3657 Ela-

279 3676 383 3739 Nempe
399 3677 545 3740 conjugem,
557 3677 669 3728 Neronia
688 3687 805 3728 matrem.
844 3680 936 3746 gabein
964 3680 1143 3744 lampridius:
1171 3683 1302 3733 ‘Indnnu
1329 3693 1373 3734 est

279 3751 415 3800 Describit
426 3751 471 3800 hur
484 3751 557 3802 ludar
569 3754 622 3803 Diu
633 3755 678 3804 lib.
691 3767 735 3806 nx.
747 3770 805 3820 pag.
845 3757 912 3807 amni
924 3771 1001 3806 aurea
1012 3759 1115 3808 tunice:
1127 3759 1189 3821 (lice
1199 3767 1248 3822 est,
1260 3767 1316 3809 tcta
1325 3775 1373 3808 au·

278 3824 806 3892 687.Ἔντινιδὶλ1μνῃνανμιχίυδκλαύ-
846 3839 904 3882 rea:
922 3839 952 3881 ut
972 3833 1063 3884 Mare:
1087 3833 1176 3884 ‘nude
1192 3835 1275 3883 omnir
1292 3835 1374 3898 'l'rcja

279 3901 327 3949 tur
338 3899 468 3962 ἐπεθύμησε
478 3904 575 3960 ποιῆσαι
584 3903 677 3953 ...tet
688 3904 805 3964 litiani
845 3907 945 3968 rideri:
956 3922 1002 3969 pro
1013 3915 1069 3958 tota
1084 3905 1151 3958 dixit
1161 3910 1183 3970 ι)
1201 3923 1260 3956 urna
1271 3915 1298 3958 et
1311 3923 1374 3971 pur-

279 3975 327 4022 tror
343 3974 356 4022 l
375 3992 404 4023 rr
419 3974 497 4038 nem
515 3981 686 4042 στρατιωτικαῖς
704 3979 806 4039 ἐστάλη·
846 3996 937 4046 pnrea,
947 3991 975 4033 et
986 3981 1019 4032 de
1036 3984 1144 4046 gemmis
1159 3984 1273 4047 Persice,
1293 3984 1330 4033 ita
1342 3993 1374 4036 ut

278 4065 332 4098 σαν·
351 4051 807 4118 ilrr'nypmirexnupbtrtraxptmp
846 4057 948 4122 gravari
959 4073 987 4106 se
998 4057 1116 4108 diceret?
1284 4073 1287 4079 ·

279 4125 412 4186 ἐκοσμεῖτο.
445 4129 476 4177 In
485 4131 570 4193 putate
588 4131 806 4192 qudamextttm
876 4131 882 4164 ¹
899 4132 1013 4181 Attalicis
1023 4132 1089 4196 arro]
1112 4132 1154 4181 De
1172 4132 1209 4182 lrir
1221 4133 1374 4184 dictumest

279 4203 361 4251 aare&
382 4209 499 4254 mrem
518 4204 630 4254 centu
648 4203 805 4268 aptent...
846 4211 953 4258 rtur-tt.
970 4208 1373 4260 Emutelanaanruiutertextc.
