3148 4888
259 331 346 398 lasa
626 349 803 398 c.r³nrn11
828 350 994 402 suonnor

269 494 271 500 '
301 507 415 556 xxvt.
440 493 595 557 Deutium
611 491 742 558 dolo'res
757 485 914 560 sedantur
929 495 1063 559 ossibus
1082 493 1236 560 draconis
1251 495 1351 561 mari·

260 592 295 657 ni
310 593 530 658 scarificatis⁰
545 593 705 676 gingivis}
729 595 885 659 cerebro¹
903 583 1064 660 caniculae
1080 595 1112 657 in
1127 596 1201 658 oleo
1214 596 1353 661 decocto

260 701 508 777 asservatoque,
524 701 616 760 ulex
632 714 672 759 eo
688 695 800 760 dentes
814 696 911 760 semel
929 715 1012 758 anno
1026 696 1224 760 colluantur.
1268 695 1354 760 Pas-

262 795 383 860 tinacee
411 815 544 879 quoque
571 795 665 859 radio
692 795 880 860 scarificare
905 796 1069 877 gingivas,
1094 803 1128 858 et
1152 797 1185 858 in
1211 796 1354 862 dolore*

262 896 484 960 utilissimum.
528 895 714 961 Conteritur
734 899 789 976 is,¹’
807 905 841 961 et
860 917 936 960 cum
958 897 1127 960 helleboro
1143 896 1220 960 albo
1237 896 1355 975 illitus,

263 996 379 1060 dentes
408 997 479 1059 sine
508 999 685 1061 vexatione
714 998 869 1061 extrahit.
913 997 1221 1061 salsamentorum
1251 999 1354 1061 etiarn

263 1097 356 1162 lictili
384 1117 464 1160 vase
493 1100 739 1163 combustorum
768 1100 871 1176 cinis,
894 1097 1008 1162 addita
1035 1099 1142 1162 farina
1173 1100 1355 1177 marmoris,

262 1199 345 1263 inter
364 1197 509 1262 remedia
530 1205 593 1261 est.
636 1198 682 1261 Et
702 1199 801 1280 cybia
822 1191 955 1264 veterar
977 1204 1074 1262 usta³
1098 1201 1131 1262 in
1154 1217 1241 1263 novo
1263 1205 1355 1276 v'ase,

263 1297 338 1359 dein
349 1299 434 1376 trita,
449 1307 590 1381 prosunt
605 1298 785 1363 doloribus.
822 1299 934 1382 AEque
948 1299 1107 1383 prodesse
1118 1298 1273 1362 dicuntur
1284 1319 1356 1363 om·

263 1397 353 1460 nium
377 1397 650 1464 salsamentorum
674 1399 781 1482 spinae
802 1400 999 1478 combustae,
1014 1400 1178 1481 tritaeque,
1193 1406 1228 1463 et
1249 1400 1354 1464 illitae.

266 1498 520 1581 Decoqduntur'
542 1505 576 1563 et
597 1519 686 1563 ranae
706 1498 844 1580 singulae
858 1500 892 1562 in
908 1502 992 1566 aceti
1009 1501 1161 1575 heminis,
1177 1488 1223 1564 ιιι
1235 1501 1356 1564 dentes

263 1599 312 1662 ita
334 1599 528 1680 colluantur,
543 1601 816 1684 contineaturque
832 1602 866 1664 in
882 1621 938 1667 ore
954 1621 1088 1667 succus.
1132 1601 1170 1666 Si
1185 1601 1356 1665 fastidium

263 1700 419 1777 obstaret,
434 1701 658 1782 suspendebat
678 1702 819 1784 pedibus
841 1703 1082 1784 posterioribus
1098 1721 1157 1766 eas
1174 1701 1355 1765 Sallustius

264 1801 459 1884 Dionysius,
483 1809 520 1868 ut
546 1822 589 1866 ex
614 1822 671 1866 ore
696 1804 789 1867 vims
815 1803 971 1868 deflueret
998 1804 1032 1867 in
1059 1811 1192 1868 acetum
1213 1802 1355 1880 fervens,

263 1901 365 1984 idque
390 1923 409 1966 e
435 1903 586 1986 pluribus
610 1904 711 1968 ranis.
767 1903 973 1968 Fortioribus
998 1905 1182 1968 stomachis
1210 1922 1253 1966 ex
1278 1903 1355 1986 jure

264 2003 491 2068 mandendas⁴
519 2005 629 2068 dabat.
687 2005 979 2088 Maxillaresque⁵
1012 2005 1061 2068 lta
1095 2005 1205 2069 sanari
1239 2004 1355 2067 dentes

175 2141 177 2146 ,
264 2105 435 2187 praecipue
457 2103 585 2190 putant,
599 2106 739 2170 mobiles
760 2124 839 2170 vero
860 2123 963 2189 supra
978 2105 1070 2169 dicto
1085 2112 1183 2168 aceto
1200 2103 1356 2168 stabiliri.

265 2203 321 2274 Aa
337 2205 399 2269 hoc
414 2206 548 2292 quidam
564 2225 715 2270 ranarum
728 2226 867 2288 corpora
877 2207 1032 2270 binarum
1045 2206 1198 2296 praecisis
1210 2204 1356 2288 pedihus

265 2307 298 2368 in
324 2307 391 2370 vini
414 2307 546 2372 hemina
567 2314 744 2387 macerant,
759 2316 791 2371 et
814 2310 864 2372 ita
886 2308 989 2373 collui
1012 2308 1160 2372 dentium
1182 2306 1357 2371 labantes⁶

261 2407 393 2488 jubent.
436 2408 554 2492 Aliqui
577 2416 667 2474 totas
694 2407 877 2490 adalligant
899 2409 1058 2472 maxillis.
1109 2409 1177 2472 Alii
1201 2407 1302 2472 denas
1323 2409 1357 2470 iu

266 2508 352 2572 aceti
369 2510 524 2574 sextariis
540 2511 645 2575 tribus
661 2510 826 2574 decoxere
841 2509 884 2574 ad
899 2510 1013 2575 tertias
1027 2515 1150 2593 partes,
1165 2513 1203 2573 ut
1216 2508 1356 2572 mobiles

720 2673 901 2694 cononum

300 2786 366 2835 can.
386 2799 466 2837 xxvi.
501 2792 514 2836 l
532 2787 592 2837 Vel.
611 2789 700 2838 Dalec.
722 2791 779 2838 item
796 2790 932 2840 crebra-2
949 2787 1021 2837 Idem
1038 2787 1099 2835 Vet.
1121 2791 1156 2834 cet
1169 2784 1196 2833 in
1211 2785 1358 2852 doloreset

267 2863 334 2908 uros,
347 2851 527 2900 contrita—³
540 2856 548 2881 ⁸
560 2854 631 2902 Male
639 2853 696 2903 cod.
707 2853 788 2914 Repg.
803 2856 874 2909 eluta,
886 2854 925 2902 vel
935 2855 994 2900 tuin
1025 2848 1216 2899 Enrendandnm
1227 2847 1287 2909 suit,
1296 2855 1359 2909 asta,

267 2914 309 2962 vel
318 2921 403 2964 exucta
410 2931 419 2971 ;
431 2923 460 2963 nt
472 2923 544 2977 patet
554 2931 568 2964 e
578 2917 687 2966 Marcel.
700 2919 798 2978 Empir.
810 2933 833 2966 c.
846 2917 894 2966 1³!
914 2916 1019 2964 Brotier.
1042 2915 1102 2962 Vct.
1114 2913 1204 2961 Dalect
1221 2917 1321 2970 caestu
1331 2921 1360 2962 et

267 2977 304 3024 nic
323 2977 416 3026 Galen.
432 2978 494 3026 nord
507 2978 602 3034 τόπους,
623 2980 667 3029 lib.
687 2995 713 3030 v.
737 2983 800 3031 elatu
819 2983 934 3031 Gronov.
953 2978 1078 3026 llardnin.
1090 2981 1113 3026 l.
1124 2981 1147 3024 2.
1163 2981 1187 3024 8.
1203 2983 1230 3024 et
1247 2984 1357 3025 recenti.

268 3040 341 3100 Mox,
359 3041 440 3090 deinde
460 3045 520 3091 tritu
536 3043 651 3091 Gronov.
671 3055 699 3092 et
717 3047 751 3093 al.
769 3055 828 3094 aute
841 3044 968 3092 Hardnin·
985 3042 1039 3091 dein
1051 3038 1253 3090 caracalla-t
1270 3039 1311 3088 ltu
1322 3053 1356 3088 ex
1397 3059 1402 3069 ·

268 3104 343 3152 codd.
363 3105 511 3154 lietduinus
529 3115 556 3155 et
575 3113 685 3156 recenti.
711 3111 811 3164 edendus
830 3107 888 3154 edd.
908 3115 971 3156 vett.
992 3114 1019 3154 et
1039 3106 1200 3154 Gronau—ti
1218 3103 1359 3152 Mantua

164 3235 168 3244 .
267 3167 329 3217 vet.
343 3167 483 3218 Doleo-6
499 3169 541 3219 lta
557 3168 632 3219 codd.
644 3169 771 3220 Hardului
790 3180 817 3220 et
837 3168 1064 3220 emmennone.
1080 3167 1208 3221 Haeduin.
1222 3171 1278 3217 Li.
1289 3170 1313 3222 a.
1329 3177 1357 3216 et

753 3347 861 3399 NO'l'AE

268 3439 348 3489 cellos
368 3440 467 3502 Emplr.
484 3457 508 3493 c.
519 3447 559 3493 lt.
578 3458 604 3507 p.
617 3448 672 3494 1⁰⁷.
686 3450 714 3494 et
734 3448 790 3494 109.
831 3457 888 3507 qna
898 3442 969 3492 denti
981 3440 1141 3492 circumdata
1151 3442 1218 3490 huuc
1229 3437 1323 3488 solvit!

267 3516 365 3564 Plinius
377 3515 466 3564 Valer.
479 3529 500 3566 ι.
517 3521 556 3567 la.
574 3533 620 3582 pro
636 3519 712 3568 melle
728 3519 790 3568 mul·
863 3526 875 3560 ‘l
892 3515 1102 3577 Snlcnmealorum]
1118 3515 1160 3564 Ad
1173 3514 1277 3564 verbnm
1286 3513 1358 3565 Mer·

267 3604 321 3640 sam
334 3589 445 3638 asciscit.
831 3593 910 3642 cellos
923 3592 1108 3654 Empir.c.18.
1121 3605 1146 3653 p.
1155 3593 1197 3638 97.

297 3671 310 3696 ⁰
326 3663 484 3728 Seoriyteottc]
501 3665 675 3730 bicallem.
686 3669 791 3734 aliique,
863 3669 923 3716 'Et
943 3666 1011 3730 cybia
1031 3664 1122 3726 uetera]
1140 3663 1208 3713 Vide
1228 3663 1310 3715 Notae
1328 3669 1357 3717 et

265 3742 401 3800 mametis:
417 3750 445 3790 et
460 3755 528 3806 mox,
545 3744 665 3806 mulsere,
684 3752 713 3795 ut
729 3748 790 3796 aliar
831 3742 939 3792 amend.
952 3757 1020 3791 ιιιιιιι.
1035 3747 1074 3790 lb.

266 3817 417 3868 monuimus.
861 3818 1065 3881 'Decoqanntud
1090 3817 1132 3866 Sic
1152 3817 1240 3865 Dione.
1264 3830 1295 3866 ιι.
1316 3821 1358 3866 28.

299 3897 312 3932 Ρ
331 3891 469 3940 Conteritur
484 3893 518 3956 a]
533 3894 578 3944 sle
596 3893 650 3944 lere
661 3895 749 3944 Dioac.
759 3909 791 3945 ιι.
830 3894 959 3955 'omnuim
975 3893 1014 3942 aul
1032 3891 1187 3952 itomuaplns
1208 3891 1358 3954 woldam

265 3971 307 4016 22.
332 3966 534 4032 Celsusqnoqne
547 3972 618 4018 vno.
634 3969 791 4035 ‘Planipiu
831 3968 898 4018 atara
913 3968 951 4018 nal
966 3968 1020 4034 ὄξει,
1037 3968 1075 4018 aul
1091 3964 1273 4028 διικλνζόμινοι.
1306 3968 1358 4017 Dc·

266 4043 305 4090 cis
316 4042 405 4106 (qulam
419 4045 574 4106 pastinacam
587 4047 674 4102 nostrl,
685 4050 794 4111 τρυγᾶνα
832 4051 902 4094 mctoe
918 4046 946 4094 in
962 4060 1022 4108 aquo
1038 4049 1063 4093 et
1079 4049 1143 4094 aceto
1153 4044 1258 4095 dadum
1267 4043 1357 4094 dolores

267 4117 354 4172 Greci
368 4115 473 4180 vocent)
489 4119 590 4169 actilens
602 4129 730 4170 torrebar:
749 4122 792 4172 de·
832 4122 956 4171 collatione
971 4121 1068 4171 imitat.

267 4190 328 4240 inde
339 4193 490 4257 contarltnr,
507 4195 640 4260 resinaque
652 4197 792 4264 excipitur,
