3100 4898
294 390 381 458 3838
659 407 692 456 e.
717 407 834 456 aaran
861 408 1024 458 saeuam

293 551 475 635 periculum
498 557 637 632 urgeat:
660 555 792 637 qnando
810 556 857 620 ita
877 555 1045 621 decretam
1059 564 1122 637 est,
1137 557 1295 623 minorem
1310 579 1386 641 gra·

295 653 366 730 tiae,
379 673 479 736 quam
495 654 672 719 utilitatum
687 658 779 734 ritae,
794 665 984 741 respectum
998 658 1131 723 babere.
1176 657 1267 738 Quin
1283 661 1386 726 immo

293 759 431 818 externa
446 773 591 839 qnoque,
605 761 638 820 et
652 756 812 823 barbaros
825 760 926 824 etiam
941 759 1026 823 ritus
1041 759 1283 842 indagabimus.
1328 760 1387 824 Fi·

294 854 354 918 des
366 859 495 919 tantum
509 861 663 923 auctores
677 861 851 943 appellet·
876 858 1075 943 Quanquam
1090 866 1124 925 et
1137 861 1202 944 ipsi
1219 881 1387 925 consensu

292 975 400 1039 propa
407 955 565 1040 judicata
576 958 698 1042 eligere
713 960 949 1050 laboravimus,
964 961 1147 1042 potiusque
1162 980 1251 1026 curae
1267 980 1388 1040 rerum,

293 1077 395 1140 quam
408 1058 517 1142 copiae
532 1058 725 1126 institimus.
762 1061 852 1126 Illud
865 1060 1084 1125 admonuisse
1096 1080 1256 1146 perquam
1268 1081 1388 1128 neces

293 1159 417 1224 sariam
433 1165 495 1237 est,
509 1158 617 1225 dictas
638 1161 710 1245 jam
726 1182 749 1227 a
763 1162 862 1227 nobis
883 1167 1021 1226 naturas
1035 1162 1241 1242 animalium,
1256 1170 1290 1228 et
1308 1183 1387 1247 quae

293 1261 457 1344 cujusque
485 1267 598 1326 essent
626 1261 806 1338 inventas*
838 1263 1069 1346 (nequeenim
1098 1264 1208 1330 minus
1234 1265 1388 1348 profuere

293 1361 478 1426 medicinas
491 1362 702 1444 reperiendo,
716 1383 817 1448 quam
829 1369 966 1446 prosunt
974 1365 1156 1447 praebendo
1168 1362 1195 1448 :)
1209 1383 1295 1430 nnnc
1308 1385 1387 1448 quae

293 1464 329 1526 in
343 1463 428 1546 ipsis
443 1461 645 1529 auxilientur
663 1461 815 1542 indicari,
837 1482 947 1547 neque
968 1464 1039 1529 illie
1061 1465 1096 1530 in
1111 1474 1219 1531 totum
1235 1467 1388 1531 omissa!

292 1562 412 1647 ltaque
422 1563 498 1628 here
510 1582 583 1628 esse
597 1564 730 1647 quidem
745 1563 825 1641 alia,
839 1563 908 1628 illis
922 1574 1033 1629 tamen
1048 1584 1210 1630 connexa.

336 1681 378 1728 ιι.
399 1664 608 1748 Incipiemus
621 1671 730 1730 antem
745 1666 789 1729 ab
802 1664 947 1743 bomine,
959 1665 1070 1750 ipsam
1085 1667 1151 1730 sibi
1165 1665 1387 1751 exquirentes,

293 1764 455 1829 immensa
477 1765 594 1830 statim
612 1763 809 1830 difficultate
831 1763 945 1830 obvia.
990 1761 1190 1848 Sanguinem
1208 1773 1387 1850 (ιιιοιιιιειι

293 1863 515 1946 granatorum
525 1867 660 1944 bibunt,
674 1875 719 1930 ‘nt
739 1865 936 1931 bibentibus
953 1863 1097 1949 proculi
1118 1866 1186 1930 sint
1199 1865 1387 1932 comitiales

292 1967 460 2033 morbi:·²
482 1967 573 2051 qnod
602 1975 756 2052 spectare
781 1965 946 2031 lenientes
972 1966 1009 2030 in
1032 1966 1147 2030 eadem
1172 1984 1276 2032 arana
1298 1966 1388 2032 ieras

323 2155 336 2180 ⁶
352 2147 392 2197 Ad
403 2147 632 2212 obtineadsmstdsrn
642 2152 752 2196 uastoms
760 2145 953 2208 tastmsjarabit
962 2146 1088 2211 sppsllars.

324 2207 335 2241 ⁵
353 2211 434 2273 Neque
443 2212 469 2260 s'a
480 2210 620 2260 tractatione
630 2211 767 2261 manniam
781 2227 809 2261 so
819 2210 930 2275 remedio,
941 2212 993 2275 q'tsoe
1010 2225 1041 2261 ee
1059 2211 1090 2262 iis
1101 2211 1201 2276 utendo
1211 2216 1277 2276 saal,
1291 2211 1388 2275 psaltas

294 2279 350 2322 sust
360 2274 450 2323 asebis
458 2276 626 2338 pretermissa.

325 2346 335 2370 ⁶
354 2339 476 2390 Comitiali
487 2338 566 2388 asorbo
577 2337 668 2404 afficti.

324 2563 391 2614 Cas.
411 2577 442 2614 rr.
476 2563 560 2614 salit
578 2565 729 2628 qaandsqasr
746 2564 807 2615 Vet.
822 2565 917 2620 Dslee.
985 2566 991 2577 ¹
1039 2564 1112 2622 salii
1130 2571 1196 2616 vett.
1213 2565 1389 2629 amesadem,

293 2631 449 2692 arumna-2
465 2628 473 2655 ‘
486 2627 592 2692 Optime
604 2635 631 2676 et
641 2627 751 2678 totidem
763 2628 843 2677 literis
853 2629 918 2680 biss.
954 2644 996 2692 eg.
1006 2635 1031 2681 5.
1043 2637 1070 2678 et
1080 2633 1105 2678 6.
1134 2629 1166 2678 In
1183 2629 1305 2680 Editione
1318 2630 1389 2694 priu-

293 2691 502 2755 elpefflnsalsit.
519 2692 638 2742 Pessime
649 2691 813 2742 emendatum
826 2692 852 2741 in
865 2691 1052 2743 recentioribus
1067 2693 1230 2750 editionibus,
1245 2699 1273 2742 nt
1289 2695 1391 2743 vineati-
1434 2722 1441 2732 -

293 2755 434 2818 Messenis
443 2756 665 2806 matitinissmorbi.
692 2757 916 2806 Mirareruditnm
935 2757 1097 2807 Harduinum
1109 2757 1239 2806 seribere:
1255 2757 1318 2807 ‘Sin
1330 2758 1390 2808 libri

292 2833 391 2883 ornnes,
404 2827 456 2869 tum
470 2819 546 2882 editi,
557 2829 610 2870 trrm
622 2821 722 2870 exarari
740 2835 826 2880 urana,
839 2835 903 2886 quos
916 2821 977 2880 vidi,
988 2835 1103 2886 quosque
1114 2833 1164 2869 oon
1181 2819 1253 2870 ridi!
1287 2821 1391 2884 Egone

293 2897 371 2933 unani
383 2885 486 2969 quidem
498 2883 548 2933 ills.
561 2884 626 2946 Reg.
643 2885 694 2932 ridi
706 2885 750 2947 qni
769 2885 886 2942 baberet,
896 2886 993 2948 pmalb.
1023 2885 1086 2934 Mas.
1099 2884 1164 2948 Reg.
1180 2889 1205 2935 l.
1214 2891 1241 2934 et
1256 2887 1280 2934 ἱ.
1291 2884 1391 2934 babent

290 2948 392 3010 mpetu.
418 2947 533 2998 Brotier.
574 2947 638 2996 eon.
659 2948 752 2998 Dslee.
771 2949 859 3006 babet,
881 2953 908 2999 at
926 2947 1056 2997 bibentibus
1072 2951 1154 3012 presai
1170 2948 1202 2997 sit
1210 2964 1220 3006 ,·
1243 2947 1303 2997 edd.
1325 2957 1391 3002 vett.

294 3011 409 3066 Gronov.
427 3009 556 3061 Harduin.
570 3014 660 3060 hm.
679 3019 707 3062 et
725 3021 837 3064 reeentt.
859 3017 887 3061 at
906 3009 1038 3063 uisceribus
1053 3012 1291 3080 posumssmitiales
1300 3013 1391 3070 swrbi,-

786 3159 893 3211 norm
978 3139 980 3144 ’

326 3252 390 3302 blit
410 3265 462 3316 qao
481 3250 592 3316 cujusque
613 3258 691 3304 mest
712 3254 821 3319 ianesto]
863 3257 912 3318 est,
934 3253 1002 3320 qnod
1024 3254 1174 3306 Scribonius
1191 3255 1289 3319 Largus
1313 3252 1390 3306 affert

294 3327 352 3378 lib.
367 3341 428 3378 vnr.
440 3331 513 3378 etl.
526 3335 553 3378 et
565 3341 634 3378 aar.
644 3333 685 3379 tto.
694 3333 734 3380 st.
863 3329 983 3394 Comum.
1002 3334 1042 3382 la.
1058 3331 1145 3382 'Item
1155 3345 1188 3380 ea
1203 3331 1324 3395 jecinore
1335 3333 1390 3395 gls-

326 3411 338 3436 ⁰
353 3403 499 3466 Samiam
510 3405 609 3467 qaoque]
627 3405 823 3456 eorummet.
863 3403 1088 3470 distorisjngnlsti
1109 3406 1261 3469 particulam
1276 3407 1390 3470 aliquam

295 3479 328 3530 de
339 3480 463 3532 comitiali
473 3478 581 3528 morbo:
598 3479 822 3544 ‘Quidsmjugu-
862 3481 952 3531 novies
974 3482 1059 3531 datam
1081 3488 1241 3531 consumant.
1274 3481 1391 3546 Quaeque

294 3556 340 3606 lati
352 3555 503 3620 gladiatoris
511 3555 596 3604 calido
604 3557 821 3619 sangnineepotm
862 3555 976 3619 ejusdem
987 3556 1089 3618 generis
1097 3563 1165 3619 snut,
1172 3563 1247 3606 satra
1255 3556 1390 3606 madleinse

294 3633 339 3682 tall
348 3631 499 3681 morbosese
509 3629 668 3680 liberarunt:
681 3630 750 3694 apud
758 3645 821 3696 qnos
863 3629 1050 3694 professionem
1071 3629 1176 3688 udoni,
1196 3631 1311 3696 quamvis
1332 3646 1390 3696 pro·

294 3709 414 3759 miserum
426 3707 549 3757 auxilium
568 3707 702 3758 tolerabile
723 3707 822 3758 miseri·
862 3704 1096 3776 fuisseqrribnsdam
1107 3707 1249 3756 risasunt.’

294 3799 324 3834 us
344 3785 437 3834 malm
453 3782 535 3833 fecta·
559 3783 701 3834 Tertullln
712 3783 821 3848 Apoloq.
893 3781 906 3816 ⁶
920 3783 955 3832 Ut
964 3781 1338 3846 alumnumalumnum
1346 3797 1389 3846 po-

295 3875 318 3911 e.
330 3864 370 3910 to.
387 3859 471 3908 'Item
482 3859 527 3915 llli,
535 3858 578 3924 qul
589 3872 695 3910 manere
706 3861 731 3908 in
743 3873 822 3910 arena
861 3858 933 3922 calis]
945 3857 1069 3908 Viventis
1080 3858 1173 3921 poeula
1183 3856 1296 3920 eleganti
1307 3863 1391 3906 trans·

294 3935 428 3986 noxiorum
455 3933 633 3996 jugulatorum
672 3935 822 3998 sangninem
861 3931 1391 3996 lationevocatea,qmsealanteuradbno

295 4016 428 4060 recentem
445 4007 522 4057 asida
538 4007 580 4057 siti
592 4008 717 4058 comitiali
734 4010 824 4059 morbo
863 4016 892 4058 et
902 4009 975 4074 quasi
988 4008 1131 4071 spirantem
1143 4007 1292 4070 sanguinem
1310 4009 1389 4057 sonti·

295 4085 430 4135 medemes
453 4081 641 4140 auferant,'ubi
661 4082 750 4134 sunti'
779 4083 823 4133 Sie
863 4089 970 4133 nerent:
988 4082 1058 4146 quod
1076 4089 1104 4132 et
1115 4079 1210 4130 babere
1222 4081 1248 4130 ia
1261 4095 1289 4131 se
1301 4083 1391 4141 ritem,

298 4159 376 4208 etism
394 4159 490 4210 Caelius
509 4158 707 4210 durebcmom
723 4161 824 4216 uada
864 4165 892 4209 et
913 4166 1039 4222 proestsre
1051 4155 1227 4207 haurientibus
1244 4170 1299 4206 esur
1318 4156 1390 4205 side·

298 4233 434 4298 epilepsis.
476 4235 564 4286 limile
586 4235 655 4286 istud
685 4236 825 4288 remedium
864 4235 974 4286 bantur:
998 4234 1075 4298 plane
1094 4241 1123 4284 ut
1134 4231 1244 4282 animam
1257 4233 1339 4295 ipsam
1360 4246 1391 4281 se
