3146 4896
257 393 343 460 aaut
625 411 656 457 c.
681 407 801 456 aaran
825 405 988 458 saconnr

261 553 336 619 dein
354 559 433 634 post
448 551 575 635 aliquot
590 553 662 616 dies
677 552 755 616 bina
770 555 947 634 vespera-¹⁸
983 549 1220 615 Comitialibus
1240 547 1345 612 instil-

259 656 411 718 laturore
421 653 557 717 diducto
573 653 624 716 bis
635 655 689 737 qui
702 654 834 718 modico
846 653 1073 736 corripiantur.
1116 653 1344 735 Spasnrocunr

261 761 414 819 castoreo
427 760 455 801 ¹⁴
468 755 608 837 clystere
624 754 813 818 infunditur.
849 752 997 831 Quodsi
1012 753 1128 819 dentes
1144 760 1191 818 tor
1203 772 1287 818 anno
1300 759 1323 797 ¹⁵
1333 757 1347 786 ²

262 855 451 922 colluantur
465 853 666 918 testudinum
688 856 861 936 sanguine,
885 856 1047 920 immunes
1070 875 1091 918 a
1116 852 1232 917 doloro
1252 853 1347 916 fiunt.

263 957 307 1020 Et
322 957 490 1021 anhelitus
501 955 650 1032 discutit,
663 975 814 1041 quasque
828 956 1063 1038 orthopnoeas⁰
1078 960 1217 1022 vocant:
1233 955 1275 1018 ad
1287 953 1348 1016 bas

262 1059 297 1121 in
323 1057 457 1140 polenta
482 1058 589 1122 datur.
627 1057 689 1120 Fel
714 1058 941 1122 testudinum?
968 1058 1154 1122 claritatem
1179 1055 1348 1121 oculorum

262 1159 360 1224 iacit:
382 1159 557 1223 cicatrices
572 1165 745 1223 extenuat:
766 1159 945 1222 tonsillas‘¹
971 1159 1078 1237 sedat,
1102 1169 1137 1224 et
1151 1158 1298 1239 anginae,
1314 1164 1350 1219 ot

189 1277 193 1284 ’
264 1259 375 1322 omnia
401 1260 471 1323 oris
501 1261 600 1324 vitia:
623 1260 776 1342 privatim
806 1280 924 1325 nomas
953 1261 1020 1326 ibi:
1051 1263 1129 1326 item
1158 1257 1351 1324 testium.¹⁶‘

264 1359 412 1424 Naribus
426 1361 547 1426 illitum
556 1368 580 1409 ¹⁷
591 1369 602 1396 ⁸
615 1360 800 1425 comitiales
813 1363 917 1443 erigit,
932 1363 1133 1445 attollitque.
1165 1361 1259 1424 Idem
1274 1377 1349 1422 cum

264 1461 454 1526 remotione
481 1463 639 1543 anguium
664 1469 759 1526 aceto
783 1462 933 1526 admixto
958 1464 1054 1528 unice
1081 1460 1266 1545 purulentis
1291 1475 1350 1522 au·

234 1623 242 1640 ,
264 1562 357 1627 ribus
376 1563 519 1646 prodest.
564 1562 709 1641 Quidam
731 1562 888 1628 bubulum
910 1565 955 1628 sel
973 1565 1169 1640 admiscent,
1195 1562 1351 1625 decocta·-

265 1681 403 1746 rnmque
413 1665 560 1728 carnium
575 1666 751 1729 testudinis
766 1685 915 1743 succum,
930 1661 1350 1748 additaaequevematione

266 1767 430 1846 anguium.
460 1764 530 1830 Sed
545 1766 622 1830 vino
638 1767 836 1830 testudinem
853 1767 1056 1849 excoquunt.
1092 1765 1272 1830 Oculorum
1288 1763 1352 1825 uti·

268 1883 331 1947 que
346 1865 429 1930 vitia
444 1867 556 1931 omnia
570 1866 614 1930 sel
629 1867 802 1932 inunctum
816 1857 891 1933 curu
908 1868 1007 1932 melle
1021 1866 1195 1931 emendat:
1218 1863 1353 1929 suffusi·

267 1983 349 2029 ones
365 1966 475 2031 etiam.
500 1967 641 2033 Marinae
653 1969 729 2034 selle
744 1989 820 2034 cum
834 1970 1008 2036 fluviatilis
1023 1968 1193 2048 sanguine,
1209 1975 1242 2032 et
1253 1967 1352 2042 lacte,

268 2067 410 2150 capillus
425 2069 598 2134 mulierum
620 2070 775 2137 inlicitur.
813 2072 875 2138 Fel
900 2079 1013 2137 contra
1040 2068 1276 2145 salamandras,
1299 2067 1354 2130 vel

269 2185 404 2234 succum
420 2169 571 2235 decoctae
586 2171 713 2236 bibisse
727 2173 812 2236 satis
826 2170 917 2236 est.¹⁸

311 2269 529 2334 Testudinem
547 2279 600 2336 eet
621 2272 753 2335 tertium
769 2291 871 2354 genus
892 2272 926 2335 in
948 2291 1047 2337 coeno
1063 2279 1099 2336 et
1112 2270 1290 2356 paludibus
1304 2269 1355 2334 ri·

271 2371 426 2434 rentium.
450 2369 604 2436 Latitudo
614 2370 667 2436 bis
679 2372 713 2435 in
728 2372 829 2436 dorso
844 2373 971 2456 pectori
985 2374 1114 2449 similis,
1124 2385 1190 2436 'nec
1201 2368 1354 2436 convexo

716 2535 900 2556 ΜΝΜΗΙΟ

269 2631 358 2690 irrisu,
368 2629 493 2690 oretojam
504 2633 604 2681 adsisto
614 2633 674 2683 Vct.
686 2634 844 2686 Doleo-1³
864 2637 907 2686 Its
918 2651 951 2686 es
959 2636 1037 2686 codd.
1049 2636 1199 2686 lietduinus
1210 2641 1237 2684 et
1247 2640 1357 2684 recentt.

270 2697 325 2746 dein
335 2700 388 2759 port
398 2696 487 2758 ulium
494 2696 545 2746 dies
555 2712 651 2761 uespera
660 2698 775 2749 Gronov.
785 2709 813 2750 et
824 2702 910 2763 arrige.
934 2703 1053 2750 matutino
1061 2706 1085 2749 et
1095 2700 1226 2762 vespertino
1236 2700 1260 2746 d.
1270 2700 1294 2748 d.
1307 2704 1357 2761 post

185 2764 195 2788 ⁸
270 2762 331 2809 utri.
344 2760 433 2821 cesprri
447 2760 506 2808 Vet.
524 2761 613 2812 Doleo.
643 2763 982 2825 Hearisgslissrotutiniset
994 2765 1194 2829 vesperarum.
1209 2763 1359 2824 protadius

269 2824 409 2886 oesmtisis
419 2823 453 2872 al.
464 2831 528 2874 vert.
541 2840 583 2889 sp.
596 2826 755 2876 Deire-lt
772 2830 833 2877 Vct.
845 2830 936 2878 Doleo.
947 2829 1049 2878 diducto.
1066 2828 1101 2876 Iis
1110 2828 1149 2890 psi
1158 2842 1189 2874 ιιι.
1200 2827 1359 2888 compluatur

270 2901 369 2949 spsssra
386 2903 438 2936 cem
454 2893 573 2945 esuum
590 2890 623 2937 sl.
634 2899 699 2940 vett.
710 2907 751 2940 ure
760 2894 867 2942 deductis
878 2893 1021 2942 lubria-lt
1039 2893 1081 2941 lta
1092 2890 1167 2940 codd.
1184 2889 1311 2938 lietduini
1330 2897 1359 2938 et

272 2951 332 2997 Vet.
350 2951 438 2999 Doleo.
455 2964 513 2999 cnm
531 2951 591 3000 edd.
613 2953 737 3003 lisrdnin.
749 2959 807 3005 m.
819 2961 843 3005 t.
862 2965 888 3005 et
906 2964 1016 3005 recentt.
1041 2969 1166 3020 mannos
1177 2953 1236 3001 edd.
1252 2961 1317 3002 vett.
1329 2961 1358 3002 et

272 3013 452 3061 (leucon-ld
467 3014 510 3061 lts
528 3028 561 3063 en
580 3016 656 3065 codd.
677 3019 826 3067 lietduinus
845 3027 874 3068 ot
892 3026 1003 3069 recentt.
1030 3021 1088 3068 item
1108 3017 1241 3068 arsatium
1265 3017 1360 3066 rurba

272 3075 387 3125 Gronov.
399 3082 426 3124 et
439 3075 524 3139 vtrlgg.
539 3079 596 3126 item
606 3083 714 3131 ardorem
725 3084 820 3135 tartum
829 3083 891 3132 vet.
902 3083 1057 3134 Doleo-li
1071 3084 1178 3132 Naribus
1189 3083 1290 3130 inditus·
1298 3080 1360 3130 Ver.

272 3139 365 3189 Doleo.
376 3153 425 3189 neo
436 3141 511 3189 aliter
523 3143 676 3194 Dicae-18
692 3145 735 3196 lts
751 3161 784 3195 ex
800 3146 875 3196 codd.
889 3145 1036 3197 lisrdoians
1048 3155 1076 3196 et
1092 3153 1203 3197 recentt.
1225 3147 1272 3195 Sed
1282 3146 1323 3194 dis
1334 3147 1360 3195 r's

272 3204 341 3252 siro.
352 3237 358 3278 3
368 3234 375 3251 .
387 3203 513 3253 Oculorum
530 3221 618 3268 puopse
627 3209 703 3259 vitio.
715 3241 723 3256 .
734 3243 741 3257 .
752 3210 890 3275 suffusiones
910 3213 982 3260 etiosa
1001 3213 1098 3260 morino
1109 3212 1148 3271 sei
1168 3225 1220 3259 curn
1230 3209 1361 3274 flurmtilis

272 3281 395 3330 unusne,
406 3273 429 3317 et
441 3268 501 3317 lacte
512 3270 645 3320 sentimas.
679 3275 786 3337 Capillus
795 3276 919 3325 sambrum
930 3277 954 3324 in
989 3275 1106 3335 'tursetla
1143 3276 1232 3323 Contra
1243 3277 1359 3324 solanus-

273 3334 329 3381 ἀνω
339 3333 376 3382 cel
385 3347 478 3382 saecuta
487 3335 606 3384 desertum
616 3334 710 3400 bibisse,
720 3341 760 3402 tp.
771 3340 886 3390 Grouor.
894 3347 921 3390 et
933 3355 948 3389 s
959 3373 966 3390 .
977 3348 1042 3390 vett.
1065 3342 1124 3388 lacte
1132 3339 1253 3388 mulierum
1262 3339 1360 3402 capitu

764 3482 871 3535 NO'l'AE

306 3579 318 3606 ¹
336 3572 405 3628 Quod
415 3574 437 3621 si
446 3575 527 3624 dentes
543 3582 580 3626 ter
590 3579 661 3641 uano]
678 3581 721 3629 ita
731 3581 798 3644 Reg.
839 3581 970 3646 mdyxss,
981 3581 1019 3632 sal
1029 3582 1074 3635 aba
1084 3583 1122 3631 tal
1132 3584 1179 3632 τὸν
1193 3580 1280 3631 παίδων
1290 3581 1360 3642 νομὰς

274 3651 300 3698 a.
312 3653 340 3697 ot
351 3646 465 3698 Pintisui
476 3649 568 3700 codes.
593 3651 624 3700 lu
636 3653 712 3704 editis
722 3658 797 3719 male,
839 3661 865 3708 ts
875 3659 984 3720 στόματι.

271 3737 406 3786 pausans.
871 3739 880 3764 ¹
903 3733 965 3782 Itess
986 3732 1093 3794 testium]
1120 3731 1298 3795 Subintellige,
1316 3746 1361 3781 no·

307 3799 501 3862 obritorum]
520 3799 621 3851 Auctor
638 3803 799 3862 lilrsnldum,
839 3822 902 3869 ntes,
922 3809 970 3858 boo
985 3817 1034 3869 est,
1053 3809 1138 3857 ulcera
1157 3822 1213 3872 qua
1232 3805 1361 3872 pascendo

173 3888 178 3898 ·
275 3889 301 3937 p.
309 3877 364 3923 rte.
376 3875 501 3925 ‘Marius
512 3878 647 3928 testudinis
656 3881 756 3942 sanguis
838 3892 961 3948 serpunt:
979 3884 1020 3932 vel
1031 3883 1091 3932 ritis
1102 3881 1193 3932 omnis.

276 3965 333 4001 oum
349 3951 462 4014 pultibus
480 3951 598 4004 conditus
616 3961 643 4004 et
658 3963 742 4020 potus,
758 3969 798 4007 or·
871 3965 881 3992 ⁸
898 3959 1005 4008 Naribus
1021 3959 1119 4021 illitum]
1136 3957 1179 4006 its
1190 3957 1255 4006 Mas.
1266 3971 1363 4009 omnes.

276 4025 422 4090 tbopuosm
433 4025 524 4076 sonet!
841 4033 876 4082 Et
895 4033 996 4083 Plinius
1013 4033 1098 4080 Valet.
1120 4045 1150 4081 rr.
1162 4035 1203 4081 te.
1227 4031 1293 4082 ‘Fet
1312 4039 1362 4081 tes-

303 4109 316 4142 ν
332 4101 376 4150 Fet
395 4102 549 4166 testudinea]
568 4104 685 4157 Dioscor.
706 4120 737 4156 rr.
758 4111 799 4158 96.
841 4107 937 4161 tudinis
950 4107 1051 4159 ossibus
1068 4107 1159 4156 illitum
1174 4108 1303 4170 jacentem
1314 4111 1362 4158 eri·

278 4180 306 4225 et
316 4174 430 4225 Galenus
440 4175 683 4243 subadvocatus.
696 4199 722 4245 p.
732 4186 789 4233 ⁴³6.
840 4185 894 4248 git?
925 4184 1107 4234 illuserat&
1124 4181 1233 4232 luditum
1251 4185 1362 4236 meruit:
1447 4223 1453 4236 .

312 4258 325 4294 i
340 4251 467 4314 nmium]
484 4253 602 4308 uincor.
614 4258 664 4309 loc.
675 4258 721 4309 eit.
739 4258 800 4324 ripis
841 4260 1002 4321 ἐπιληπτικοῖς
1010 4258 1129 4308 insistas
1138 4257 1190 4307 usis
1199 4255 1268 4319 ῥισίν.
