3136 4900
253 411 340 476 4092
619 427 652 472 c.
675 425 796 474 aaran
820 424 982 474 saeuum

254 577 458 652 sorbeantur,
473 574 593 639 tussim
607 575 733 640 sedant.
771 575 1026 640 Destillationes
1053 575 1203 640 sedetet
1223 577 1343 642 canina

255 677 339 742 cutis
354 677 492 741 cuilibet
506 675 609 758 digito
620 677 837 742 circumdata.
867 677 890 741 J
893 695 948 740 ure
962 675 1133 758 perdicum
1150 677 1343 742 stomachus

255 784 435 842 recreatur.

300 895 381 941 xv1.
402 877 592 942 Jociueris¹
626 879 799 943 doloribus
819 876 977 940 medetur
1006 877 1147 942 mustela
1175 878 1344 960 sylvestris

255 981 289 1043 in
311 979 389 1042 cibo
416 985 537 1056 sumta,
559 978 611 1042 vel
630 978 783 1061 jocinere
802 978 887 1061 ejus.
933 975 1018 1040 item
1035 979 1187 1042 viverra·
1208 977 1344 1060 porcelli

255 1079 355 1143 modo
369 1079 529 1142 inassata.
573 1079 774 1159 Suspiriosis
796 1077 999 1159 multipedes,
1015 1080 1060 1144 ita
1081 1085 1118 1142 nt
1132 1085 1182 1143 tac
1196 1084 1342 1160 septenae

256 1182 291 1245 in
319 1179 432 1242 Attico
457 1179 555 1242 melle
582 1178 759 1255 diluantur,
789 1185 823 1243 et
850 1199 907 1262 per
933 1178 1149 1244 arundiuemi
1178 1180 1345 1256 bibantur.

202 1355 205 1360 Ι
258 1276 365 1341 Omna
380 1278 467 1342 enim
483 1299 666 1344 vasaanrm
681 1279 838 1362 nigrescit
848 1287 1014 1344 contactu.
1059 1279 1204 1357 Quidam
1221 1285 1347 1342 torrent

256 1395 301 1439 ox
325 1378 377 1442 bis
402 1381 581 1444 sextarium
608 1366 652 1444 iuv
670 1382 793 1464 patina,
817 1381 924 1444 donec
952 1379 1104 1444 candidae
1133 1380 1233 1443 fiant:
1265 1386 1347 1441 tunc

256 1479 519 1546 mellemiscsnt.
562 1479 631 1547 Alii
646 1480 879 1564 centipedam²
902 1485 1033 1554 vocant,
1056 1487 1090 1544 et
1106 1499 1150 1544 ex
1173 1499 1260 1562 aqua
1274 1478 1347 1541 dari

252 1580 398 1662 jubent.³
443 1581 597 1647 Cocbleae
612 1584 645 1646 iu
661 1582 782 1646 cibosc
803 1581 878 1645 his4
899 1599 985 1663 quos
1000 1580 1123 1664 linquit
1134 1581 1273 1655 animus,
1289 1585 1347 1642 aut

257 1699 397 1763 quorum
423 1681 586 1747 alienatur
608 1701 715 1757 urens,
736 1686 793 1746 aut
812 1681 935 1763 quibus
965 1682 1140 1761 vertigines
1166 1680 1258 1755 fiunt,
1281 1685 1347 1741 ex⁵

257 1781 350 1862 passi
365 1782 494 1864 cyathis
506 1783 610 1846 tribus
625 1781 765 1863 singulae
777 1781 925 1844 contritae
940 1799 1016 1845 cnm
1031 1801 1093 1846 sua
1105 1788 1195 1845 testa
1206 1788 1241 1843 et
1257 1778 1346 1842 calm

257 1881 369 1957 factes,
383 1881 417 1944 in
432 1890 515 1964 potu
535 1882 624 1946 dates
639 1883 758 1948 diebus
773 1881 951 1964 plurimum
973 1900 1105 1946 novem.
1148 1880 1265 1963 Aliqui
1281 1881 1346 1942 siu-

257 1978 377 2064 gulasd
409 1985 514 2066 primo
540 1983 593 2048 die
621 1983 753 2062 dedere,
783 1983 936 2066 sequenti
972 1983 1080 2060 binas,
1105 1983 1199 2047 tertio
1224 1987 1347 2057 ternas,

258 2088 373 2163 quarto
385 2083 481 2160 duas,
495 2085 609 2167 quinto
621 2105 729 2150 unam.
772 2085 831 2148 Sic
848 2088 882 2148 et
894 2083 1038 2166 suspiria
1049 2080 1225 2148 emendant
1239 2087 1273 2146 et
1287 2091 1356 2145 vo·‘

258 2185 389 2248 micas.e
432 2185 515 2248 Fsse
545 2186 668 2250 animal
695 2186 836 2250 locustae
865 2184 974 2250 simile
1000 2177 1228 2267 siue‘peunis,
1256 2181 1347 2264 quod

258 2271 419 2348 boxalis'
438 2284 558 2348 Graece
574 2293 720 2362 vocetur,
737 2287 890 2350 Latinum
906 2303 1025 2346 nomen
1039 2303 1105 2346 non
1121 2281 1266 2360 babeat,⁶
1287 2282 1349 2346 ali-

259 2385 317 2466 qui
331 2382 546 2448 arbitrantnr:
562 2402 623 2450 nec
638 2385 737 2468 pauci
753 2391 908 2448 auctores
920 2382 983 2447 boe
999 2391 1094 2446 sessi
1118 2383 1208 2465 quod
1224 2383 1347 2468 gryllus

712 2561 894 2584 ”onumen

291 2675 358 2726 Car.
371 2689 430 2726 xri.
444 2707 451 2722 .
465 2681 477 2726 1
496 2676 537 2726 lta
548 2675 624 2727 codd.
643 2673 771 2726 lisrdniui
786 2681 814 2724 et
825 2672 909 2724 chiffl.
925 2687 982 2724 curn
1000 2673 1059 2724 edi.
1077 2673 1206 2724 Haeduis.
1219 2678 1276 2723 1.2.
1287 2677 1311 2722 s.
1321 2680 1350 2722 et

258 2747 367 2790 recenti.
382 2740 521 2790 Juciacruru
532 2741 645 2791 Gronov.
653 2748 681 2789 st
689 2742 721 2789 ul.
732 2741 847 2788 vein—2
859 2741 867 2765 ‘
879 2736 963 2788 Chiiii.
979 2744 1072 2788 centum
1082 2741 1183 2801 pedum
1201 2738 1350 2800 cartaginis.

257 2803 300 2850 τοῦ
310 2803 472 2866 cmiipeduruss
491 2806 628 2854 Doleo-8
645 2804 688 2853 lta
699 2803 774 2852 codd.
789 2801 916 2850 llarduiui
934 2810 961 2850 ei
978 2800 1061 2851 cutffl.
1077 2816 1135 2850 cum
1147 2802 1207 2850 edd.
1221 2801 1349 2850 lietduin.

197 2919 203 2929 ⁸
260 2871 282 2915 1.
293 2871 317 2914 2.
330 2871 353 2914 3.
365 2877 391 2915 et
402 2875 512 2916 recenti.
536 2872 560 2916 ei
574 2882 674 2929 esuque
689 2866 821 2916 enituisti
832 2866 945 2916 Gronov.
959 2866 1030 2913 etsi.
1048 2870 1161 2914 veta-t
1180 2865 1245 2914 Cod.
1259 2865 1349 2914 Dulec.

258 2929 324 2985 cibis,
336 2931 390 2986 iiisr
407 2931 466 2978 Vct.
485 2931 575 2979 Doleo.
599 2931 661 2980 eiius
679 2932 768 2980 duntur
785 2929 878 2979 tia—5
896 2929 938 2978 ΑΙ.
948 2943 992 2989 sp.
1006 2928 1098 2977 Doleo.
1115 2931 1245 2979 celem-ti
1261 2929 1303 2978 lta
1315 2943 1348 2976 ex

259 2990 335 3040 coin.
349 2993 494 3042 Harduinus
505 3001 533 3040 et
544 3000 655 3042 tecentt.
690 2993 844 3056 linquaque
857 2993 947 3040 AElisn.
960 2991 1027 3038 itin.
1044 2991 1130 3041 Anius.
1143 3005 1180 3041 vi.
1194 2997 1232 3042 19.
1248 2992 1351 3057 cruente

259 3057 525 3104 ...euentum-,iubet
542 3057 656 3106 Gronov.
676 3063 702 3104 et
722 3058 755 3106 ul.
775 3060 886 3105 vett-⁷
903 3055 945 3106 lta
963 3068 994 3104 es
1013 3055 1088 3104 codd.
1108 3056 1255 3107 lietduinus
1272 3065 1299 3105 et
1311 3071 1350 3104 re-

259 3125 340 3170 centt.
363 3125 389 3168 ut
399 3120 473 3184 aliqui
484 3125 590 3170 unctores
598 3118 682 3169 arbitr.
693 3119 736 3170 ulii
747 3133 788 3167 asc
803 3118 924 3180 pauciores
939 3119 982 3168 boc
991 3133 1039 3168 esse
1051 3119 1074 3168 V
1076 3128 1111 3170 et.
1129 3121 1218 3170 Daiec.
1240 3125 1267 3170 nt
1277 3121 1350 3184 uiiqii

753 3260 858 3311 NO'l'AE

290 3367 303 3394 ¹
319 3361 380 3410 lien
389 3359 494 3423 nimiu]
504 3361 570 3412 Hoc
581 3357 688 3410 totidem
700 3356 785 3408 verbis
826 3356 874 3406 loc.
884 3356 930 3406 cit.
940 3362 965 3405 et
974 3371 998 3406 c.
1008 3361 1048 3406 2ο.
1060 3360 1152 3420 ρ.152.

260 3435 360 3484 Plinius
372 3436 459 3486 valer.
469 3441 568 3487 minet
578 3435 716 3486 Marcellae
726 3434 785 3484 Eru-
856 3439 868 3464 ⁸
884 3431 918 3480 Ei
936 3432 1046 3496 nimbus]
1071 3432 1211 3484 Marcellus
1228 3433 1350 3496 Empiris.

260 3510 309 3572 pir.
326 3524 349 3558 c.
369 3511 409 3558 22.
428 3525 453 3571 μ.
469 3514 524 3558 156.
551 3513 560 3539 ⁴
573 3513 681 3559 viverra
698 3508 785 3571 tosta,'
825 3518 848 3554 c.
859 3509 883 3554 8.
896 3519 921 3570 p.
931 3509 971 3554 10.
985 3508 993 3532 ⁸
1005 3507 1049 3556 Sic
1067 3508 1144 3556 etiarn
1156 3508 1188 3557 ad
1200 3509 1312 3572 suspiria
1322 3519 1349 3560 et

260 3585 350 3646 inquit,
363 3587 370 3612 ¹
384 3584 490 3646 porcelli
503 3584 621 3635 lactentia
633 3585 708 3635 modo
719 3577 785 3634 i'uas-
824 3581 934 3630 vomitus
947 3579 1072 3641 neodem
1102 3580 1145 3630 Sic
1161 3585 1282 3631 vomicam
1302 3584 1351 3632 ite·

260 3668 327 3720 sats,
349 3666 376 3708 et
395 3659 453 3708 cibo
472 3659 542 3715 uuis,
560 3661 623 3712 mire
635 3660 785 3724 jocineroso
825 3669 877 3703 roro
890 3653 988 3704 Plinius
1001 3667 1082 3706 xxix.
1096 3659 1135 3704 17.
1153 3671 1199 3720 pro
1212 3658 1350 3708 vomitione

259 3734 403 3787 antecurrit.¹
824 3731 899 3781 dixit.
934 3733 967 3780 Et
980 3733 1290 3798 uastissimosque
1303 3751 1349 3798 pn·

292 3812 304 3847 i
321 3814 354 3864 Et
370 3827 413 3877 per
430 3807 580 3872 omuiiuerir]
606 3811 646 3860 Ne
665 3809 785 3859 dentibus
827 3808 934 3858 ruientia
953 3811 1183 3874 exscreationibus,
1202 3818 1232 3861 nt
1246 3811 1349 3875 quidem

261 3895 381 3948 noceant,
397 3901 460 3950 quos
476 3886 570 3950 alioqui
585 3886 686 3950 nigrore
698 3883 785 3934 iniice-
827 3883 937 3932 videtur.

261 3971 329 4022 rent,
341 3971 368 4011 nt
377 3963 486 4010 diximus
498 3975 557 4022 cup.
570 3963 610 4007 12.
858 3955 867 3990 ¹
883 3957 951 4014 Quod
964 3957 1075 4020 bouniis]
1091 3959 1136 4010 Sic
1148 3960 1173 4010 iu
1184 3961 1276 4012 Indica
1286 3963 1350 4014 acri·

292 4045 303 4070 ⁶
321 4037 426 4086 Cosiricoe
436 4037 463 4085 ia
472 4033 547 4098 cibos]
564 4033 683 4084 Totidem
701 4033 785 4084 'vorbis
825 4035 934 4084 bitures
947 4048 1004 4090 vox,
1015 4049 1046 4084 nx
1059 4035 1123 4086 Mar.
1135 4037 1201 4102 lieg.
1214 4044 1237 4088 1.
1246 4047 1272 4088 et
1284 4043 1308 4090 2.
1323 4047 1350 4090 et

261 4109 399 4160 Marcellus
410 4112 508 4175 Eurpir.
520 4127 543 4161 c.
552 4116 577 4160 8.
589 4126 612 4174 p.
621 4115 661 4159 29.
672 4118 699 4160 et
709 4115 749 4160 tn.
758 4117 785 4160 st
825 4111 899 4162 Coib.
912 4115 936 4160 ³.
948 4125 1021 4174 quern
1041 4111 1156 4164 Iudicem
1168 4118 1350 4180 exscripsimus

261 4185 361 4235 Plinius
371 4187 458 4237 vater.
471 4201 501 4236 u.
515 4193 554 4236 ln.
825 4187 850 4236 in
871 4187 947 4236 Notis
966 4194 993 4237 et
1013 4186 1119 4238 Eueni.
1139 4190 1171 4240 nd
1199 4191 1244 4242 lib.
1267 4205 1347 4244 xxix.

291 4259 521 4326 “Aliquisiuguiufl
538 4262 784 4327 MurselirrsEmpir.
824 4276 894 4312 uum.
912 4265 953 4313 32.
985 4261 1028 4311 Sic
1045 4265 1123 4313 etium
1144 4265 1258 4315 AEiiauus
1279 4267 1348 4316 Hist.
