3136 4900
240 323 327 390 4088
609 338 642 384 c.
666 331 786 384 rurum
811 333 975 382 saeuum

242 485 313 548 Alii
323 483 442 566 jecurv
464 479 612 565 eJnsdem
624 482 801 545 contritum
813 481 1023 544 intermunus
1034 475 1335 556 illinunt,ettriduo

243 605 310 650 uon
333 586 483 650 abluunt.
528 584 692 648 Dextrum
710 601 841 665 quoque
860 581 979 663 pedem
1000 581 1074 663 eJns
1099 579 1246 644 remedio
1260 597 1335 642 esse

243 687 380 751 strumis
406 685 577 750 affirmant.
620 682 691 748 Alii
705 683 889 766 praecidunt
900 690 919 716 '
942 688 1056 764 caput,
1071 689 1194 744 etcum
1209 686 1296 744 terru
1310 699 1335 742 a

244 785 345 870 talpis
370 787 518 851 excitata
537 790 649 849 tusum
668 784 821 866 digerunt
839 784 875 848 in
889 783 1055 866 pastillos,
1070 782 1222 865 pyxide⁹
1244 789 1332 844 stau·

243 893 333 964 aea,¹
355 891 388 950 et
403 881 536 950 utuntur
557 885 600 950 ad
624 884 737 948 omnia
756 903 832 966 quae
852 883 1080 960 intumescunt,
1106 893 1142 946 et
1156 899 1328 964 quaeapo

245 992 390 1053 stemate
411 993 546 1063 vocant,
572 1004 714 1068 quaeque
738 985 772 1048 in
794 986 923 1049 cervice
938 985 1024 1049 sint:
1046 985 1205 1066 roseique
1230 981 1330 1046 soille

245 1097 323 1152 tuuc
346 1094 469 1152 vetant.
512 1085 617 1160 Tauri,
640 1093 824 1149 vocantury
846 1086 1007 1149 scarabaei
1024 1090 1204 1161 terrestres,
1225 1084 1330 1148 ricino

244 1188 392 1252 similes:
413 1206 529 1252 nomen
544 1187 710 1251 cornicula
726 1186 853 1250 dedere.
889 1184 961 1251 Alii
979 1185 1155 1268 pediculos
1168 1192 1262 1249 terrae
1274 1203 1332 1248 no⁴

244 1297 331 1356 eant.
375 1287 430 1353 Ab
454 1288 505 1351 liis
527 1307 660 1371 quoque
683 1293 802 1350 terram
824 1291 969 1368 egestam
990 1287 1118 1352 illinunt
1137 1287 1283 1363 strumis,
1298 1292 1333 1350 et

244 1392 411 1457 similibus
436 1390 537 1468 vitiis,
561 1397 596 1453 et
619 1387 789 1470 podagris.
834 1387 961 1451 Triduo
987 1405 1055 1452 non
1078 1387 1235 1451 abluunt:
1258 1405 1333 1470 pro·

245 1493 385 1574 destque
399 1491 473 1554 lraeo
488 1488 658 1554 medicine
668 1490 702 1553 in
718 1507 847 1551 annum.
883 1487 1136 1572 Omniaquehis
1148 1489 1331 1562 ascribunt,

244 1613 321 1678 quae
331 1611 396 1657 nos
410 1593 445 1656 in
458 1591 569 1675 gryllis
583 1590 790 1656 retulimus.¹⁰
833 1588 980 1666 Quidam
990 1598 1055 1655 eta
1066 1591 1212 1655 formicis
1223 1598 1236 1626 ¹
1247 1597 1333 1652 terra

244 1699 358 1776 egesta
380 1694 430 1757 sio
455 1697 600 1756 utuntur.
645 1689 714 1754 Alii
739 1697 891 1754 vermes·
912 1695 1055 1756 terrenos
1077 1691 1226 1766 totidem,
1246 1693 1331 1774 quot

244 1794 309 1858 sint
324 1799 467 1871 struma,
484 1793 674 1874 adalligant,
689 1793 877 1875 pariterque
891 1811 969 1855 cum
981 1792 1034 1857 his
1050 1799 1215 1858 arescunt.
1259 1788 1330 1852 Alii

244 1895 393 1977 viperam
408 1895 497 1958 cirea
511 1893 613 1958 Canis
634 1898 741 1958 ortum
757 1892 1007 1970 circumcidunt,
1022 1899 1059 1957 ut
1073 1890 1242 1969 diximus,b
1255 1887 1333 1954 daiu

244 1994 388 2060 mediam
414 1997 618 2060 comburunt.
664 1995 817 2060 Cinerem
842 2013 917 2058 eum
941 1993 1055 2059 daut¹¹
1080 1991 1260 2058 bibendum
1284 1997 1333 2055 ter

243 2097 389 2180 septenis
417 2097 547 2173 diebus,
577 2102 734 2179 quantum
764 2094 973 2178 prehenditur
998 2093 1101 2159 ternis
1127 2092 1259 2174 digitis:
1283 2091 1333 2155 sic

246 2196 380 2260 strumis
395 2195 575 2260 medentur.
606 2195 723 2278 Aliqui
739 2203 839 2258 rero⁰
854 2194 1084 2275 circumligant
1099 2212 1158 2256 eas
1169 2194 1249 2270 lino,
1261 2209 1332 2275 quo

244 2458 294 2503 -u
309 2454 372 2502 Vet.
389 2453 480 2503 Deles.
491 2453 606 2529 pastillos,
624 2455 769 2529 madeatque
776 2452 938 2518 pyxide-1⁰
948 2450 991 2503 Sic
1007 2451 1126 2517 qnidam:
1142 2451 1262 2514 podagris.
1280 2454 1335 2504 iri-

246 2521 291 2568 duo
301 2533 346 2566 auu
356 2517 470 2566 abluunt:
487 2533 608 2581 musaque
615 2517 654 2566 isis
661 2517 804 2578 admissi,
812 2532 862 2579 qsre
873 2531 915 2566 noe
925 2517 950 2566 is
959 2519 1023 2581 grul.
1034 2515 1165 2567 retulisses.
1186 2517 1334 2578 Prodestque

245 2583 296 2632 lsoee
307 2583 367 2632 med.
381 2582 407 2630 in
418 2596 518 2640 aunum
532 2581 593 2632 Vet.
607 2581 697 2632 Delec.
719 2583 843 2646 podagris,
858 2581 978 2644 triduoque
993 2597 1038 2630 eeu
1048 2581 1154 2630 adiuuet.
1172 2579 1274 2627 Prodest
1284 2579 1335 2628 liae

139 2695 142 2704 ,
245 2647 370 2709 medicine,
386 2648 489 2710 tra-ll
508 2643 552 2696 lte
571 2645 627 2704 eod.
644 2647 709 2710 Reg.
729 2645 840 2696 eroes.
864 2645 1201 2708 contemnendarum
1215 2641 1336 2692 undant

737 2757 844 2809 ΝΟΜ

278 2862 289 2886 v
305 2852 447 2915 Aliijeeur]
463 2853 507 2904 Sic
518 2859 636 2904 auctores
653 2854 770 2918 proxime
811 2868 865 2904 rem
876 2853 975 2916 uulpes,
987 2853 1109 2915 bicornis,
1119 2859 1148 2903 ut
1158 2851 1238 2902 trudit
1246 2851 1334 2901 Herus

245 2929 380 2992 appellati.
811 2929 980 2992 Hieroglypir.
993 2943 1012 2978 r.
1024 2934 1063 2978 1⁰.
1076 2944 1134 2993 pag.
1146 2932 1186 2978 1⁴.

278 3009 294 3034 v
315 3000 368 3049 Atti
387 3001 530 3064 proeddseat]
563 3001 662 3051 Plinius
683 3002 769 3052 Veler.
841 3010 851 3035 ⁸
871 3004 973 3058 Quidue
987 3003 1166 3068 etuserruier'e]
1183 3003 1243 3053 Hoc
1254 3019 1335 3055 remes

245 3077 295 3126 lec.
307 3075 351 3124 cit.
361 3084 388 3124 et
399 3075 538 3146 lilereellus
550 3075 648 3138 Erupit.
659 3089 716 3139 esp.
729 3079 769 3125 ie.
810 3077 878 3129 diurn
896 3077 928 3126 ad
946 3079 1059 3128 scabiem
1075 3079 1253 3143 pruritumqne
1265 3090 1335 3130 retu·

247 3164 306 3214 pag.
320 3153 374 3200 108.
392 3149 418 3200 N
421 3164 450 3199 ec
461 3148 572 3214 dispere
583 3151 653 3212 tripu
664 3150 772 3200 medici·
807 3151 838 3202 lit
850 3153 882 3205 Q,
892 3153 1004 3204 Serenus
1023 3169 1081 3217 esp.
1092 3157 1116 3204 7.
1132 3168 1159 3217 p.
1168 3157 1224 3205 128.
1235 3159 1243 3183 ⁸
1253 3153 1336 3206 Prod-

247 3242 280 3276 ue
298 3226 418 3276 landetur
434 3225 467 3276 eb
486 3233 592 3276 anctore
608 3225 774 3288 Kireuiduur,
806 3229 856 3300 erit
874 3244 906 3280 ex
926 3231 984 3280 oleo
1004 3230 1097 3294 pulvis,
1117 3245 1194 3294 quem
1217 3231 1337 3294 congerit

247 3318 273 3366 p.
295 3307 350 3370 itit.
374 3301 406 3352 eri
429 3300 570 3366 parotidas,
590 3299 725 3366 scrofulas,
743 3309 772 3352 et
808 3306 861 3353 alte
872 3303 998 3354 Dulcibus
1009 3320 1042 3355 ex
1050 3303 1158 3355 latebris
1170 3305 1272 3368 petiens
1284 3305 1336 3354 ior·

246 3382 344 3443 qnaevte
355 3386 525 3439 apostemate.
808 3380 874 3429 mica
888 3379 1022 3430 laborum?

278 3459 291 3484 ¹
303 3451 512 3514 Ppridesteuuea]
523 3451 771 3517 Subiutelligacon-
841 3453 921 3504 ⁸Aut
939 3453 1040 3518 unisse]
1067 3453 1168 3504 Plinius
1188 3453 1273 3504 Vsler.
1292 3468 1338 3505 irs.

248 3528 379 3590 doutque:
397 3539 472 3589 quum
492 3539 580 3575 vocem
598 3539 647 3575 nou
666 3533 772 3590 puster-
810 3534 851 3579 2⁹.
864 3531 896 3579 ed
909 3533 1025 3580 verboru.

247 3604 339 3652 mirere
351 3609 469 3652 eructares
481 3601 595 3663 proxime
606 3603 739 3664 appellati.
844 3605 855 3637 l
874 3605 908 3654 Ut
926 3605 1042 3668 diximus]
1067 3605 1125 3656 Hoc
1144 3613 1194 3668 ert,
1211 3607 1290 3656 ternis
1308 3622 1337 3656 u·

280 3677 383 3726 sl'uari
401 3675 523 3738 matur]
552 3675 625 3727 Nilril
651 3677 677 3725 hi
702 3691 771 3728 eom·
812 3681 932 3745 triruque,
950 3681 1043 3731 sireet
1058 3695 1073 3730 s
1088 3681 1174 3745 cupite
1190 3681 1336 3730 etscende

248 3769 324 3804 uruue
336 3753 494 3803 hebentrurn
506 3754 616 3802 Lurconis
627 3751 771 3812 scarabeis,
812 3755 899 3820 digitis
910 3758 1059 3820 amputetis,
1067 3757 1200 3807 utdictunr
1209 3764 1335 3806 estxxrx.

247 3831 389 3896 nostrisque
420 3828 529 3881 servulis
558 3825 711 3886 volneribus,
739 3829 772 3878 de
813 3835 854 3881 ai.
1068 3829 1070 3832 ’

247 3905 338 3968 quilius
356 3903 505 3954 dictumest
519 3916 557 3952 xr.
572 3905 612 3952 tt.
626 3917 771 3968 quanquam
843 3917 853 3942 0
870 3907 954 3972 Aliqui
971 3908 1038 3972 erre]
1063 3907 1163 3957 Plinius
1182 3907 1272 3956 Veler.
1286 3911 1336 3956 tot·

248 3979 285 4027 ira
319 3972 458 4041 scaligero.
488 3977 717 4043 Daiecurupioque,
744 3983 772 4027 et
812 3981 1095 4033 incurrereturmis.
1111 3983 1336 4048 erumperetur,

249 4054 416 4105 Constantino
437 4055 533 4103 risum:
563 4068 620 4103 narn
638 4053 772 4117 respondis
811 4056 1336 4122 quodhebetMarcellusEnrpir.cap.16.

249 4130 392 4179 scarabeus
409 4137 465 4180 eret
482 4137 582 4180 tautum
599 4128 670 4180 bovis
682 4132 707 4180 iu
720 4145 770 4181 mo·
812 4147 838 4198 p.
853 4137 907 4186 1⁰8.
922 4135 929 4162 ‘
943 4135 1028 4196 ceput
1041 4133 1137 4198 vipera
1149 4131 1254 4182 linteolo
1265 4132 1336 4182 colli·
