3098 4884
454 421 541 470 sss.
564 419 661 468 uisu.
685 419 758 467 crs.
781 417 931 466 xxxiii.
952 399 1007 466 db.
1182 399 1268 464 4373

180 585 328 651 remque,
355 564 498 630 abluitur
526 571 623 630 aceto
648 570 707 627 aut
730 563 821 638 vino,
847 560 1014 642 simulque
1040 558 1266 640 restinguitur.

182 666 283 746 Quod
294 669 325 732 si
335 669 398 732 sit'
421 667 584 751 argyritis,
594 670 628 729 nt
641 664 769 729 candor
780 663 812 726 ei
822 663 928 738 detur,
939 660 1167 742 magnitudine
1176 660 1265 726 inbre

181 769 362 845 confracta,
373 769 407 833 in
421 768 515 833 fictili
529 767 631 852 coqui
640 767 779 851 jubetur
792 783 837 829 ex
852 783 952 848 aqna,
968 763 1083 827 addito
1098 763 1131 825 in
1145 760 1266 825 linteo-

180 871 224 934 lis
240 871 348 936 tritico
362 879 398 936 et
411 871 535 937 hordeo
548 869 657 944 novis,
671 867 778 931 donec
793 863 1020 949 purgentur.⁶·
1064 863 1188 928 Postea
1203 881 1267 927 sex

180 971 319 1036 diebns‘
339 979 446 1037 terunt
461 973 494 1035 in
504 968 682 1046 mortariis,
699 973 748 1032 ter
763 967 818 1031 die
832 966 1005 1031 abluentes
1020 984 1111 1049 aqna
1124 963 1244 1046 frigida
1259 985 1268 1029 ε

180 1081 311 1138 etcum
336 1070 655 1148 desinant,⁷calida,
683 1067 798 1133 addito
826 1069 910 1145 sale,
934 1067 1055 1144 fossili,
1084 1067 1119 1129 iu
1146 1066 1265 1129 libram

180 1194 312 1258 spumae
328 1173 455 1239 obulo-⁸
465 1183 479 1210 ¹¹
513 1172 709 1237 Novissime
720 1170 775 1234 die
790 1169 935 1234 condunt
949 1169 983 1232 iu
998 1167 1158 1251 plumbeo
1173 1183 1266 1230 vase.

179 1275 251 1340 Alii
263 1295 338 1342 cnm
353 1277 433 1341 saba
446 1274 588 1340 candida
602 1292 643 1338 ac
664 1274 799 1356 ptisana
820 1277 976 1354 coquunt,
995 1269 1079 1334 etin
1098 1267 1180 1332 Sole
1200 1266 1267 1330 sic-

179 1385 267 1443 cent.
312 1378 380 1442 Alii
395 1379 427 1441 in
443 1377 523 1442 lana
537 1374 680 1440 candida
694 1393 770 1438 cum
782 1373 870 1448 faba,
884 1371 989 1438 donec
1004 1365 1114 1435 lanam
1126 1386 1193 1431 nou
1208 1366 1266 1430 de·

178 1482 333 1562 nigret.⁹'
376 1479 474 1544 Tunc
504 1478 606 1542 salem
632 1475 778 1540 fossilem
806 1473 981 1557 adjiciunt,
1009 1468 1150 1536 subinde
1177 1485 1266 1551 equa

179 1587 317 1657 munta,
341 1582 535 1663 siccantque
557 1579 673 1644 diebus
694 1593 759 1642 xc.
774 1573 989 1641 calidissimis
1004 1573 1144 1637 astatis.
1189 1567 1265 1634 Nec

178 1701 244 1746 nou
263 1683 297 1747 in
317 1685 429 1746 ventre
453 1680 554 1745 suillo
578 1680 613 1742 iu
637 1696 725 1760 aqua
747 1683 906 1760 coquunt,
928 1678 1162 1755 exemtamque
1176 1670 1265 1733 nitro

178 1782 308 1858 fricant,
320 1790 366 1858 et,
378 1789 417 1846 nt
430 1801 541 1865 supra,
556 1788 667 1846 terunt
679 1780 714 1844 in
728 1777 892 1842 mortariis
902 1795 978 1842 cnm
991 1775 1073 1840 eale.
1109 1773 1195 1837 Sunt
1206 1769 1266 1852 qni

178 1905 245 1951 uon
259 1891 416 1968 coquant,
430 1885 490 1948 sed
505 1903 579 1948 cum
593 1883 665 1948 sale
682 1887 799 1958 terant,
815 1887 850 1944 et
868 1879 1001 1963 adjecta
1013 1894 1102 1959 aqua
1116 1873 1267 1939 abluant.

179 1988 273 2053 Usus
295 1987 398 2072 ejus*
420 1985 463 2051 ad
484 1985 634 2068 collyria,
649 1991 682 2048 et
694 1984 756 2047 litu
778 1981 821 2047 ad
842 1979 1051 2045 muliebrium
1072 1975 1266 2040 cicatricum

178 2091 344 2156 foeditates
370 2086 545 2163 tollendas,
571 2084 798 2166 maculasque,
819 2087 853 2144 et
874 2077 1072 2144 abluendum
1095 2072 1265 2158 capillum.

179 2193 245 2258 Vis
261 2198 395 2254 autem*
418 2190 556 2260 siccare,
570 2185 709 2261 mollire,
725 2182 927 2263 refrigerare,
941 2185 1132 2259 temperare,
1147 2191 1266 2256 purge·

178 2311 226 2371 re,
249 2292 384 2376 explere
403 2289 526 2365 ulcera,
541 2295 684 2351 tumores
700 2283 815 2349 lenire.
858 2280 1063 2362 Talibusqne
1077 2273 1265 2358 emplastris

178 2585 349 2638 -bGrnneu
360 2583 393 2634 et.
405 2588 468 2632 vett.
478 2579 605 2630 Hardnln.
615 2582 640 2628 ἱ.
653 2582 678 2627 t.
690 2575 787 2626 Miller.
796 2575 900 2636 liipont.
908 2579 936 2622 et
945 2571 1038 2620 Fraus.
1048 2569 1121 2619 um
1130 2579 1264 2630 eam
1350 2567 1353 2574 '

179 2657 233 2712 ⁸¹⁷5
252 2663 340 2711 mergo
360 2647 419 2696 edd.
438 2645 529 2696 Dalee.
548 2653 573 2692 et
591 2643 707 2693 Gronov.
723 2641 794 2688 denec
809 2653 836 2688 ee
856 2642 1004 2699 rumpentur,
1020 2649 1035 2684 e
1052 2633 1188 2682 Dium-t
1205 2629 1267 2679 Vet.

180 2716 272 2768 Delec.
282 2713 449 2764 deuiam—8
465 2709 525 2760 vet.
536 2708 628 2758 Dalec.
639 2706 771 2769 poste-n
787 2702 829 2752 ita
840 2701 899 2754 red.
911 2701 975 2764 R‘ss·
987 2699 1060 2749 Brut.
1068 2701 1093 2747 t.
1102 2697 1164 2746 Vet.
1174 2695 1265 2744 Delec.

666 2865 774 2944 sors

178 2989 318 3054 mmsis
332 2986 452 3050 immede,
468 2991 493 3034 et
509 2981 654 3044 itasoitt'bm
663 2995 702 3030 ne·
741 2975 840 3040 argenti
862 2987 960 3038 suumn
982 2971 1073 3037 quinne
1093 2967 1155 3021 selis
1173 2967 1266 3017 sessilis

178 3067 280 3126 tendito,
302 3069 328 3113 nt
346 3061 507 3126 confluerent:
529 3065 579 3109 tun
597 3057 703 3108 eamn
741 3053 828 3104 uncias
839 3051 954 3102 adblbet.
977 3045 1266 3106 obtruncandum

177 3157 230 3208 qne
239 3135 592 3202 ascelmumremntto.
741 3145 850 3195 spuma,
866 3127 926 3179 ealle
945 3123 1107 3184 tantundem,
1118 3122 1164 3172 ltec
1174 3129 1226 3184 est,
1236 3121 1266 3170 li·

209 3227 220 3252 ¹
237 3217 336 3274 Quodsi
351 3213 396 3276 eit]
413 3211 533 3262 'lotidem
550 3209 636 3260 verbis
647 3207 702 3256 trae
742 3205 823 3255 brarn.

178 3297 270 3361 Dieuc.
280 3296 329 3346 len.
342 3294 388 3343 cit.
399 3301 426 3343 et
437 3290 628 3341 Oribmimlib.
639 3299 702 3337 xrrr.
773 3287 784 3314 '
800 3280 857 3328 Non
876 3276 985 3338 denigret
1004 3271 1151 3336 [denigrent]
1169 3273 1266 3321 Persen

179 3371 327 3424 tormen.
741 3353 963 3414 rectinedeeigret.
980 3343 1266 3398 blesensem-sve

209 3449 316 3498 'Donec
331 3441 475 3508 peremtas]
491 3442 580 3490 Dione.
596 3440 657 3500 Ἕψο
676 3433 702 3485 tl
742 3425 1032 3494 Ιρωνμηκίτιβέπητω.

178 3525 260 3576 derb
274 3525 378 3587 ῥογόσιν
391 3516 508 3584 ueste.
543 3517 701 3580 Concitade·
773 3513 789 3539 '
803 3505 865 3554 Um
874 3501 937 3564 όν]
954 3495 1265 3560 ΒΙοκ.Ιοε.οἰί,Ἀρμ6ζ-

178 3619 220 3654 nee
233 3599 484 3665 mnarum.
518 3593 703 3643 oneum
742 3575 997 3643 urirrdletatunsd,
1010 3577 1049 3627 rai
1065 3575 1267 3641 admirareris,

177 3681 348 3742 eurupam.
380 3672 431 3722 Sed
456 3669 556 3736 purgari
577 3669 625 3716 bec
645 3667 702 3715 lucc
741 3658 781 3709 sal
801 3655 947 3720 δῤῥωμίνα
971 3654 1090 3718 πρόσιτε,
1109 3651 1148 3702 καὶ
1175 3651 1267 3702 σπίλων

178 3754 246 3804 idem
258 3761 307 3808 ent.
318 3748 385 3816 qnod
395 3747 519 3809 disrumpi
531 3752 558 3795 et
569 3743 702 3793 debiscere
742 3734 842 3796 iurare.
877 3733 975 3791 Confert
991 3733 1023 3780 nd
1039 3733 1156 3780 ecatemu
1166 3729 1264 3778 mediea-

178 3828 309 3883 burdenrn,
321 3827 369 3876 bec
380 3832 428 3878 ert,
445 3836 461 3871 a
476 3834 522 3870 rue
536 3818 624 3868 divelli
635 3816 702 3866 tuni·
741 3815 829 3870 muta.
839 3814 863 3859 et
873 3805 1266 3866 mdestriennJoedltcteetrltee-

179 3904 246 3956 cnle.
278 3903 321 3951 Sic
338 3913 384 3949 xv.
402 3902 442 3948 ab.
460 3893 605 3960 pnrgebllm
624 3904 703 3942 nneee
742 3882 1032 3947 decumanum
1045 3893 1267 3943 mensum.

179 3979 305 4044 appellet.
325 3991 383 4042 qna
403 3987 448 4023 rue
471 3972 531 4022 enni
547 3969 639 4020 ecbine
657 3981 702 4017 ren
741 3964 809 4012 tom.
842 3961 876 4010 Et
892 3958 924 4008 ed
942 3957 1126 4020 denigrendnnr
1140 3963 1267 4019 preterea

180 4057 269 4120 calyce
279 4052 358 4103 facile
369 4055 462 4115 petest.
741 4037 871 4101 capillum.
880 4047 913 4083 ex
922 4033 1055 4083 lbeedera
1065 4031 1198 4082 Pristinus
1209 4045 1228 4080 ι.
1242 4037 1265 4082 1.

212 4133 221 4162 ⁸
237 4131 377 4180 Paterae:
390 4121 483 4185 dieder]
499 4121 627 4171 Dioscet
642 4117 704 4168 Ori·
774 4121 787 4147 ¹
807 4106 1267 4172 vuusm11ttese.et0rtbutus,

179 4203 350 4257 maluerit.
741 4191 790 4241 inc.
803 4182 1138 4240 elt.tutidemlereverble.

214 4289 225 4316 Ι
243 4278 328 4343 oua]
345 4276 434 4328 Dieuc.
450 4275 499 4325 lec.
509 4272 556 4324 rit.
568 4270 600 4323 ad
612 4270 703 4322 librum
