3136 4900
486 443 573 493 nar.
597 443 696 494 rrrsn.
722 443 792 490 nra.
816 439 918 492 xxx.
939 429 993 493 27.
1038 427 1042 436 '
1204 425 1291 492 11109

196 583 461 670 amphisbaenam
484 593 650 649 mortuam
676 583 907 668 adalligatam,
931 585 985 650 vel
1008 585 1132 668 pellem
1159 589 1288 650 tanturn

196 691 281 772 ejus.
325 686 517 766 Quinimmo
539 687 660 765 arbori,
682 706 760 771 quae
783 687 941 762 caedatur,
960 687 1141 769 adalligata
1160 705 1226 750 nou
1240 685 1289 749 al-

193 809 273 870 gere
288 788 465 864 cadentes,
482 787 682 872 faciliusque
693 789 879 853 succidere.
923 787 1047 870 ltaque
1061 787 1138 851 sola
1153 805 1287 870 serpen·

195 891 280 956 tium
294 889 403 972 frigori
417 907 454 954 se
467 889 656 967 committit,
672 889 778 972 prima
793 889 940 954 omnium
956 890 1154 971 procedens,
1166 899 1202 953 et
1214 898 1290 952 ante

195 991 307 1056 cuculi
318 996 460 1056 cantum.
504 989 609 1055 Aliud
620 999 671 1056 est
685 992 806 1055 cuculo
821 990 1108 1073 miraculumque
1120 991 1197 1074 quis
1212 991 1289 1054 loco
1358 1023 1364 1034 ν

195 1094 306 1176 primo
321 1093 438 1158 audiat
460 1091 576 1156 alitem
600 1092 703 1170 illam,
726 1093 756 1156 si
775 1092 892 1158 dexter
905 1111 969 1176 pes
984 1092 1287 1169 circumscribatur,

196 1213 238 1258 ac
253 1193 431 1275 vestigium
454 1193 489 1258 id
510 1190 697 1271 effodiatur,
720 1213 783 1257 non
809 1193 899 1276 gigni
922 1193 1062 1277 pulices,
1084 1193 1288 1277 ubicumque

196 1301 381 1378 spargatur.
411 1327 413 1334 ·

240 1411 354 1462 xxvr.
370 1395 570 1479 Paralysin·
581 1395 777 1461 caventibus
787 1395 921 1480 pinguia
934 1394 1067 1476 glirium
1075 1395 1290 1460 decoctorum

196 1501 230 1564 et
244 1498 391 1562 soricum
405 1498 586 1562 utilissima
608 1497 740 1562 tradunt
755 1515 852 1562 esse:
875 1496 1085 1578 millepedas,
1101 1503 1138 1561 nt
1149 1498 1181 1560 iu
1198 1497 1292 1578 angi-

195 1599 249 1666 nis
272 1595 448 1674 diximus,'’
469 1604 569 1680 potas
593 1597 743 1680 phthisin
765 1597 1006 1662 sentientibus:
1031 1597 1190 1662 lacertam
1211 1597 1291 1662 viri-

196 1698 292 1764 dern‘
312 1699 484 1764 decoctam
499 1700 534 1762 in
554 1698 624 1762 viui
642 1697 802 1762 sextariis
825 1699 932 1763 tribus
946 1697 989 1762 ad
1006 1697 1161 1781 cyathum
1175 1717 1288 1775 onum,

196 1800 339 1882 singulis
353 1800 582 1866 cochlearibus
603 1801 724 1862 sumtis
740 1818 801 1882 per
815 1799 901 1875 dies,
917 1799 1024 1863 donec
1039 1798 1288 1864 convalescant.

196 1898 440 1966 (lonhloarnm⁸¹
462 1900 605 1966 cinerem
622 1906 738 1982 potum
754 1899 791 1963 in
804 1899 892 1964 vino.

225 2016 370 2069 xxvii.
392 2001 628 2067 comitialibus
642 2003 767 2066 morbis
782 2020 937 2085 oesypum
961 2019 1036 2065 cum
1052 2001 1192 2084 myrrhae
1217 2021 1291 2066 rno-

195 2111 316 2180 meuto,
332 2109 365 2168 et
383 2104 452 2169 vini
475 2102 607 2187 cyathis
629 2102 761 2167 duobus
780 2104 931 2179 dilutum,
952 2103 1175 2183 magnitudine
1189 2106 1288 2169 nucis

195 2204 370 2280 avellanae,
387 2223 408 2267 a
423 2203 557 2269 balineo
570 2212 699 2288 potum.
742 2205 957 2269 Testiculos·
987 2205 1149 2268 adetinos
1163 2205 1287 2269 invete-

194 2311 295 2383 ratos,
311 2305 472 2389 tritosque
487 2305 626 2372 dimidio
650 2306 776 2372 denarii
799 2306 943 2390 pondere
968 2306 1001 2370 in
1016 2323 1106 2388 aqna
1121 2307 1177 2370 vel
1192 2306 1289 2371 lactis

197 2405 318 2470 asinini
333 2404 480 2471 hemina.
524 2406 734 2472 interdicitur
747 2407 815 2470 vini
835 2415 934 2490 potus
952 2407 1065 2490 quiuis
1077 2405 1198 2472 diebus
1214 2412 1289 2472 ante

195 2512 229 2572 et
241 2514 369 2588 postea.
407 2505 590 2589 Magnifice
602 2503 613 2542 ¹
625 2506 779 2572 laudatur
793 2514 829 2571 et
843 2509 978 2588 sanguis
989 2508 1156 2590 pecudum
1169 2514 1288 2591 potus:

194 2608 276 2688 item
290 2608 334 2671 iel
355 2627 430 2672 curn
454 2607 562 2684 melle,
577 2609 747 2693 praecipue
768 2608 937 2691 agninum.
981 2607 1125 2673 Catulus
1141 2609 1289 2675 lactens¹

195 2719 336 2787 sumtus,
351 2708 488 2774 absciso
499 2709 609 2794 capite
622 2711 836 2794 pedibusque
851 2729 896 2773 ex
910 2710 989 2774 vino
1004 2717 1041 2774 et
1053 2709 1193 2793 myrrha.
1232 2708 1290 2774 Li·

196 2811 282 2874 chen
304 2812 403 2877 mulae
421 2821 523 2894 potus
545 2813 580 2876 in
603 2811 786 2894 oxymelite
802 2811 934 2895 cyathis
954 2811 1074 2875 tribus.
1118 2805 1289 2874 Stellionis

194 2914 407 2979 transmarini
421 2916 506 2980 cinis
520 2922 620 3000 potus
635 2915 669 2979 in
685 2920 792 2979 aceto.
823 2913 990 2978 Turricula
1005 2911 1177 2989 stellionis,
1190 2931 1288 2994 qnam

195 3014 314 3080 eodem
329 3016 443 3094 modo,
461 3024 501 3080 ut
520 3017 663 3100 anguis,¹
688 3016 796 3092 exuit,
818 3020 908 3099 pota.
953 3013 1100 3092 Quidam
1121 3021 1156 3078 et
1177 3014 1290 3096 ipsum

195 3113 358 3182 arundine
384 3121 611 3181 exenteratum
644 3115 925 3198 inveteratumque
954 3115 1133 3178 bibendum
1162 3112 1290 3176 dedere.

194 3215 266 3280 Alii
282 3218 314 3280 in
328 3218 405 3281 cibo
421 3218 456 3280 in
472 3216 593 3298 ligneis
609 3218 752 3280 verubus
776 3217 968 3279 inassatum.
1013 3213 1290 3298 operaepretium

194 3323 248 3381 est
263 3319 352 3382 scire
365 3317 532 3400 quomodo
547 3317 767 3400 praeripiatur,
787 3334 864 3379 cum
878 3316 1010 3380 exuitur
1025 3315 1215 3379 membrana
1231 3313 1290 3396 by-

203 3625 206 3630 ·
227 3611 293 3663 Car.
305 3625 398 3662 xrvrr.
432 3617 444 3662 l
464 3609 549 3662 chiffl.
567 3608 822 3670 mundanis-2
839 3604 923 3657 cbiill.
939 3605 1094 3656 ‹veiim-t
1111 3603 1291 3654 ltrllardnin.

690 3753 801 3804 NOTAE

225 3859 238 3888 ⁸
255 3850 394 3917 Paralysin]
410 3851 511 3902 Plinius
525 3851 614 3902 Valer.
626 3864 670 3901 ιιι.
682 3855 723 3901 lt.
796 3857 807 3883 ⁸
824 3849 965 3914 resticulos]
993 3846 1093 3897 Plinius
1106 3845 1194 3894 Valet.
1207 3855 1238 3891 rr.
1251 3845 1291 3890 58.

195 3927 355 3978 adverbum.
763 3925 796 3974 ad
809 3926 916 3975 verbnm
927 3941 933 3970 ι
946 3931 972 3974 et
983 3923 1078 3972 Sextus
1090 3922 1258 3981 Piston-cap.
1266 3921 1291 3965 ti.

227 4004 239 4038 θ
259 4004 293 4053 Ut
304 4007 330 4052 ia
339 4003 559 4068 nrgisisdixisrrs]
577 4004 641 4068 Cap.
651 4007 691 4053 li.
728 4033 731 4038 -
764 3997 798 4050 de
809 4001 892 4050 ariete
906 4001 946 4049 tlt.
957 4003 983 4049 7.
994 3997 1003 4025 ‘
1013 3996 1053 4046 Ad
1068 3994 1196 4045 caducos!

226 4079 381 4129 visentem
392 4079 504 4143 arden]
524 4079 624 4129 Plinius
636 4078 724 4126 Vairr.
797 4072 807 4108 ¹
821 4073 963 4139 Mngaiylce]
980 4073 1080 4122 Plinius
1094 4071 1180 4119 valer.
1190 4069 1237 4116 loc.
1246 4067 1291 4116 cit.

197 4154 229 4205 nd
242 4155 358 4216 verbum,
370 4167 388 4202 r.
401 4158 443 4204 ol.
797 4157 810 4193 ⁸
828 4147 1033 4211 Gutnluloctess]
1044 4144 1293 4196 Plinlnsllnlerdoc.

227 4229 421 4294 tenuem]
450 4229 552 4279 Plinius
570 4228 658 4280 valer.
677 4229 726 4278 loc.
767 4227 815 4277 cit.

200 4305 246 4354 cit.
