3136 4900
266 407 352 473 4082
611 421 643 470 c.
668 419 789 469 rursu
814 419 980 471 succum

264 581 453 632 rosaceum:
476 561 1256 642 eademcavisiudita,utsiuemolestiacaduut‚
1269 581 1353 647 pree·

267 673 369 731 stunt.
422 664 557 752 Vanum
578 663 721 729 arbitror
745 683 833 741 esse,
855 665 946 728 circa
970 663 1206 729 Gauisortum
1229 683 1354 746 angues

266 764 427 830 candidos
447 765 667 829 membranam
687 782 761 828 eam
785 773 935 840 exuere‚⁹
949 764 1104 846 quoniam
1123 784 1184 828 nec
1202 763 1355 828 initalia

266 866 375 930 visum
389 872 452 942 est,
463 865 634 948 multoque
647 862 756 928 minus'
771 862 930 927 credibile
945 863 979 926 iu
995 862 1118 946 tepidis
1128 864 1318 944 regionibus
1329 869 1355 900 ¹⁰

266 971 333 1030 tarn
355 985 428 1031 sero
447 966 535 1031 exui·
580 962 682 1028 Hunc
697 970 808 1029 auteur
823 962 878 1027 vel
891 964 1106 1028 inveteratam
1121 981 1195 1028 eum
1209 981 1284 1027 cera
1299 981 1355 1026 ce·

265 1065 394 1131 lorrime
408 1067 521 1130 dentes
534 1064 670 1128 evellere
684 1063 827 1128 tradunt.
871 1061 915 1128 Et
929 1063 1010 1127 dens
1026 1064 1178 1146 anguium
1194 1062 1354 1145 adalliga-

267 1173 323 1230 tus
345 1165 476 1230 dolores
497 1165 664 1247 mitigat.¹¹
709 1164 873 1249 Sunt·qui
887 1170 920 1229 et
936 1183 1089 1229 araneum
1108 1164 1229 1228 animal
1243 1165 1355 1246 ipsum

268 1266 403 1331 sinistra
424 1285 522 1330 manu
544 1270 694 1347 captum,
715 1265 893 1348 tritumque
916 1265 951 1328 iu
969 1265 1118 1342 rosaceo,
1133 1272 1167 1330 et
1189 1266 1356 1328 inaurem

268 1365 419 1443 inlusum,
434 1367 531 1450 cujus
555 1385 575 1430 a
590 1371 715 1449 paule¹²
730 1365 852 1444 doleat,
868 1365 1024 1448 prodesse
1037 1365 1245 1429 arbitrantur.
1289 1362 1355 1427 Os-

269 1467 385 1532 siculis
394 1468 588 1551 gallinarum
600 1467 635 1530 in
646 1467 774 1550 pariete
786 1467 939 1543 servatis,
953 1467 1061 1532 fistula
1071 1466 1221 1542 salva,'¹²
1234 1464 1355 1529 adacto

269 1565 366 1632 deute
388 1568 442 1634 rel
464 1569 595 1650 gingiva
616 1568 813 1646 scarificatu,
829 1568 1044 1651 pmjectoque
1063 1568 1225 1644 ossiculo,
1241 1567 1355 1630 statim

269 1666 418 1732 dolorem
440 1667 531 1732 ahiro
550 1667 697 1731 tradunt.
741 1667 826 1732 lteru
841 1667 920 1732 fimo
930 1675 951 1703 ¹⁰
966 1669 1060 1732 corui
1072 1667 1150 1732 lana
1163 1667 1355 1748 adalligato,

268 1766 321 1831 rel
334 1784 506 1850 passerum
521 1784 598 1831 cum
608 1766 682 1831 oleo
693 1767 868 1845 calefacto,
878 1773 911 1832 et
925 1769 1086 1851 proximas
1101 1769 1259 1834 auriculas
1271 1767 1356 1831 iniu-

268 1883 320 1942 so,
330 1866 489 1951 pmriturn
501 1866 669 1950 quidem¹⁴
677 1867 915 1934 intolerabilem
923 1871 1013 1946 iacit,
1023 1869 1141 1934 etideo
1153 1867 1356 1936 tolerabilius

267 1970 320 2030 ost
339 1970 486 2049 passeris
510 1967 676 2051 pullorum
701 1971 878 2036 sarmentis
903 1977 1119 2036 crematorum
1144 1971 1287 2036 cinerem
1310 1985 1356 2032 ex

269 2074 364 2132 aceto
380 2068 545 2135 intricare.

311 2183 367 2230 rx.
388 2167 475 2252 (rr.)
496 2169 575 2235 Oris
590 2179 771 2254 saporem¹²
794 2172 1019 2236 commendari
1039 2170 1211 2248 affirmant,
1226 2170 1356 2234 murino

268 2269 377 2332 cinere
391 2288 468 2333 curu
482 2271 580 2333 melle
594 2273 625 2333 si
639 2272 796 2334 fricentur
809 2271 934 2334 dentes.
981 2271 1180 2333 Admiscent
1195 2269 1333 2351 quidam
1344 2277 1358 2302 ⁰

268 2366 426 2432 marathri
441 2366 582 2434 radices.
619 2369 736 2433 Penua
749 2369 892 2434 vulturis
907 2371 937 2435 si
949 2371 1138 2454 scalpantur
1152 2368 1280 2446 dentes,
1288 2369 1357 2433 aci·

269 2465 348 2530 durn
359 2465 497 2533 halitum
511 2468 645 2533 iaciunt.
683 2467 762 2533 Hoc
776 2469 864 2535 idem
879 2470 1036 2553 hystricis
1052 2469 1150 2552 spina
1161 2469 1298 2545 secisse,
1313 2469 1357 2531 ad

269 2566 456 2632 firmitatem
473 2569 624 2651 pertinet.
668 2567 805 2652 lingum
821 2571 954 2634 ulcerap
974 2577 1007 2636 et
1020 2571 1187 2636 labrorum
1211 2567 1355 2633 hirundi-

302 2767 313 2801 ὗ
330 2773 397 2831 Ome,
407 2775 468 2836 pred
477 2775 696 2842 medrltuurfirtrlae
705 2777 731 2826 in
741 2791 828 2828 mem
837 2777 946 2834 meludit,
956 2777 1058 2840 integro.

718 2950 900 2974 mul

270 3069 354 3121 chiffl.
378 3077 513 3148 ime-⁹
529 3074 572 3124 Itu
583 3075 658 3127 codd.
671 3075 809 3144 lietduini,
820 3094 878 3130 eum
896 3080 956 3131 edd.
968 3079 1095 3130 Herdoln.
1106 3085 1130 3130 l.
1141 3085 1165 3130 2.
1175 3085 1199 3131 t.
1209 3086 1237 3131 et
1246 3087 1355 3132 reeentt.

268 3135 403 3194 eumcum·
414 3142 467 3186 ortu
477 3152 567 3200 ungues
576 3155 597 3187 r.
608 3139 764 3191 mlum
774 3157 858 3194 emere
867 3145 982 3195 Gronov.
995 3151 1021 3193 et
1032 3144 1118 3208 rulgg.
1136 3159 1195 3208 erre,
1206 3147 1269 3194 circu
1282 3145 1356 3195 Curia

268 3203 375 3275 ortam...
385 3215 432 3249 aa.
448 3215 499 3278 eom
516 3216 601 3252 emere
619 3201 703 3253 chiffl.
727 3207 827 3267 augam
842 3210 941 3258 rudius
956 3207 1153 3257 maurnai
1163 3208 1219 3257 cod.
1230 3210 1356 3258 Dulce.-

269 3264 301 3312 lu
317 3261 401 3312 chiffl.
424 3269 616 3324 warewit
635 3267 679 3316 lta
688 3269 765 3317 eodo.
777 3270 904 3320 Hurduiui
914 3279 941 3320 et
953 3269 1037 3321 chiffl.
1051 3285 1109 3320 cum
1120 3271 1179 3321 edd.
1193 3272 1319 3321 ilardrrin.
1332 3277 1355 3321 l.
1409 3271 1413 3281 '

268 3327 294 3372 2.
304 3329 329 3374 ⁸.
339 3333 366 3374 et
380 3335 490 3378 receuti.
512 3329 597 3380 derit
611 3329 726 3381 Gronov.
744 3341 771 3382 et
791 3334 942 3398 suigg-lu
958 3336 1020 3386 Ver.
1033 3334 1120 3385 helec.
1136 3335 1228 3396 osmer
1243 3341 1355 3399 purte.—

269 3390 299 3435 ll
317 3389 377 3438 vet.
391 3389 480 3442 Dulce.
498 3393 576 3457 fidula
592 3395 650 3446 eolo.
683 3395 756 3461 Mox,
773 3401 836 3447 lucto
854 3401 924 3450 rieule
941 3399 1000 3450 eod.
1016 3401 1171 3450 Doleo-1⁴
1188 3399 1248 3448 Vct.
1265 3399 1355 3450 Dulce.

266 3451 308 3502 ud
317 3453 435 3514 pmritam
445 3455 470 3504 id
479 3457 581 3520 autom

756 3557 866 3609 Nom

299 3667 317 3695 ¹
333 3661 395 3710 ltere
404 3661 475 3727 floro]
491 3664 630 3715 Marcellus
644 3667 790 3732 Empiricos
830 3685 857 3736 p.
865 3675 906 3722 88.

269 3749 294 3784 e.
316 3737 354 3784 12.
375 3750 402 3799 p.
418 3741 459 3786 lit.
481 3739 515 3791 ad
536 3739 651 3790 verbum.
692 3742 790 3794 Sextus
861 3747 1018 3800 minoem
1027 3747 1353 3813 quidumJAuotcrerprox·

267 3809 371 3860 Pluton.
391 3825 422 3860 rr.
440 3817 466 3861 o.
483 3814 616 3878 decurro,
634 3818 673 3866 tit.
690 3821 714 3867 8.
730 3819 790 3870 ‘ild
830 3821 880 3871 iure
892 3823 1002 3874 laudari.

268 3884 383 3936 dentium
401 3885 513 3938 dolorem
527 3891 544 3938 :'
560 3891 647 3940 ‘Caro
669 3891 741 3943 denti
760 3893 789 3944 li·
861 3895 990 3960 elingua
999 3899 1088 3963 ιὶιιω]
1105 3898 1199 3948 Sextus
1210 3897 1352 3950 Platean.

267 3960 369 4009 muniri
388 3961 548 4026 imposueris,
564 3965 667 4016 dentem
685 3969 790 4034 rumpit,
831 3975 870 4022 li.
889 3972 921 4022 de
939 3973 1073 4024 hirundine
1090 3974 1129 4024 tit.
1141 3979 1166 4023 2.
1182 3973 1240 4023 ‘Ad
1260 3975 1352 4038 liugure

268 4042 296 4084 et
308 4037 376 4086 tollit
386 4036 519 4089 dolorem!
831 4049 945 4111 vulnera,
962 4056 990 4098 et
1005 4047 1130 4097 labiorum
1139 4047 1156 4096 ι’
1173 4049 1349 4098 ‘Hirundiuee

300 4115 313 4141 ¹
330 4112 387 4161 Oris
402 4116 518 4180 soporem]
541 4116 641 4168 Plinius
661 4120 749 4172 Valet.
770 4135 790 4171 r.
830 4122 1165 4188 lumellevelmulro‚'drc.
1193 4124 1292 4174 Plinius
1301 4123 1351 4174 Ve-

162 4246 165 4256 Ι
268 4185 308 4234 Ὦ.
320 4188 396 4236 etto.
413 4190 594 4243 mliereellur
607 4195 704 4260 Emplr.
717 4211 740 4248 o.
751 4199 790 4246 11.
828 4198 958 4274 leardo.
