3146 4896
275 391 360 463 riso
632 409 664 460 o.
688 409 811 459 rururr
833 409 998 460 sacuam
1062 419 1069 430 ·

270 573 359 620 mum
372 560 483 617 autern
498 557 627 636 putant,
641 575 743 639 supra
757 553 879 618 dictam
895 571 995 636 aqum
1010 569 1200 616 mensuram
1223 553 1357 617 octonis

273 655 405 738 cyathis
417 655 498 719 salis
509 658 697 737 temperari,
708 657 863 740 qnoniam
877 656 925 718 ita
938 661 971 718 et
983 671 1103 716 nervos
1115 652 1356 732 excalefaciat,¹

269 762 303 820 et
318 774 442 838 corpus
458 775 523 819 non
540 765 736 838 exasperet.

317 871 442 921 xxxv.
479 856 727 922 inveteratur:n
763 862 798 919 et
826 853 915 938 quod
944 858 1084 918 vocaut¹
1116 852 1357 932 thalassomeli,

272 955 379 1042 aequis
396 958 602 1041 portionibus
617 959 733 1033 maris,
743 954 862 1031 mellis,
877 954 991 1018 imbris
1002 972 1045 1016 ex
1056 954 1143 1018 alto:
1166 961 1202 1016 et
1216 953 1357 1018 adhunc

271 1079 368 1123 usum
387 1059 563 1134 advehunt,
578 1057 738 1140 fictilique
753 1075 834 1120 vase
847 1060 859 1090 ²
880 1063 914 1118 et
928 1055 1038 1138 picato
1050 1054 1207 1118 condunt.
1256 1055 1358 1120 Prod-

271 1167 323 1224 est
349 1160 392 1223 ad
419 1160 633 1242 purgationes
658 1158 805 1222 maxime
833 1157 906 1222 sine
930 1153 1090 1220 stomachi
1122 1156 1304 1238 uexatione,
1326 1162 1359 1222 et

271 1276 394 1342 sapore
406 1266 499 1340 grato
513 1266 547 1323 et
560 1257 669 1322 odore.

315 1375 461 1424 xxxvl.
485 1359 705 1443 Hydromeli⁰
726 1375 860 1441 quoque
882 1376 926 1421 ex
946 1357 1048 1420 imbre
1063 1377 1146 1439 puro
1169 1375 1243 1421 cnm
1258 1358 1356 1422 melle

271 1462 517 1543 temperabatur
542 1461 721 1543 quondam,
745 1458 836 1542 quod
858 1458 989 1523 daretur
1013 1459 1248 1541 appetentibus
1268 1460 1355 1524 viui¹

270 1561 379 1644 aegris,
391 1563 493 1626 veluti
504 1562 729 1625 innocentiore
739 1565 832 1642 potu,
844 1560 1036 1624 damnatum
1042 1559 1113 1641 jam
1126 1559 1237 1623 multis
1249 1560 1356 1637 annis,

270 1663 390 1728 iisdem
408 1663 526 1740 vitiis,¹’
549 1662 673 1744 quihus
687 1662 808 1737 vinum,
819 1680 881 1724 nec
897 1659 1014 1724 iisdem
1030 1658 1236 1726 utilitatibus.

273 1787 276 1796 ·
315 1761 608 1840 xxxv11.Qnia¹
632 1781 724 1845 saepe
749 1761 947 1842 navigantes
971 1761 1105 1826 desecto
1129 1780 1226 1844 aquae
1249 1762 1357 1829 dulcis

268 1849 434 1938 laborant,
448 1862 522 1928 haec
534 1882 670 1946 qnoque
685 1862 836 1927 subsidia
846 1863 1154 1927 demonstrabimus.
1198 1861 1359 1947 Expausa

270 1963 360 2029 circa
374 1965 486 2028 navim
502 1964 623 2029 vellera
638 1962 834 2028 madescunt
845 1970 987 2045 accepto
997 1963 1101 2026 halitu
1113 1961 1225 2040 maris,
1236 1965 1358 2046 quibus

269 2064 501 2130 humordnlcis
513 2065 719 2144 exprimitur.
753 2065 840 2131 Item
851 2064 1033 2138 demissaeq
1049 2063 1193 2128 reticulis
1206 2064 1238 2127 in
1249 2072 1357 2128 mare²

269 2185 427 2230 concavae
444 2185 463 2228 e
480 2185 557 2230 cera
572 2166 662 2247 pilae,
677 2165 731 2228 uel
749 2185 828 2229 vasa
844 2165 958 2228 inania
980 2165 1147 2239 obturata,
1161 2164 1290 2228 dulcem
1308 2166 1358 2229 in-

270 2274 323 2330 tra
352 2286 389 2330 se
414 2266 576 2347 colligunt
597 2266 778 2330 humorem.
825 2266 913 2329 Nam
941 2267 974 2328 in
1001 2270 1086 2328 terra
1115 2268 1243 2330 murina
1269 2287 1359 2350 aqua

269 2367 383 2448 argilla
398 2366 591 2450 percolata³
613 2366 788 2431 dulcescit.
819 2367 977 2430 Lunata4
990 2385 1132 2448 corpora
1145 2373 1177 2429 et
1187 2366 1359 2432 hominum

269 2473 304 2532 et
325 2468 587 2552 quadrupedum,
616 2468 762 2532 natando
789 2469 824 2532 in
844 2467 937 2551 cujus
961 2468 1085 2532 libeat⁵
1107 2468 1236 2550 generis
1257 2489 1360 2551 aqua,

268 2569 423 2634 facillime
438 2571 473 2634 iu
486 2577 577 2634 artus
592 2567 736 2634 redeunt.
782 2569 844 2633 Est
859 2577 890 2632 et
908 2570 944 2632 in
962 2575 1052 2632 metu
1072 2570 1359 2651 peregrinantium,

269 2676 307 2734 ut
332 2678 455 2735 tentent
477 2671 700 2737 valetudinem
726 2689 824 2753 aquae
846 2671 990 2752 ignotae:
1013 2668 1077 2732 hoc
1095 2681 1213 2732 cavent
1233 2689 1251 2733 e
1275 2669 1359 2738 balb.

269 2767 367 2834 oeis⁶
382 2772 502 2854 egressi
519 2773 631 2838 statim
647 2770 798 2853 frigidam
817 2779 1012 2854 suspectam
1027 2768 1219 2834 hauriendo.

726 2915 905 2938 ”neuneu

269 2999 448 3060 gemmariis
460 2997 590 3048 cutm-t
603 2999 645 3048 lte
657 3013 689 3047 ex
701 2997 777 3047 codd.
786 2995 935 3046 Hsrdulnus
946 3003 973 3046 et
985 3004 1096 3047 recenti.
1111 2997 1232 3056 comodat
1244 2997 1359 3051 Gronov.

270 3062 468 3175 offitium
502 3127 515 3174 t
533 3123 575 3174 lta
588 3123 664 3174 codd.
675 3122 803 3174 llordnini
823 3129 851 3172 et
868 3123 952 3173 cuttu.
965 3138 1022 3173 cnm
1041 3123 1103 3173 edd.
1123 3123 1250 3176 llerdnin.
1263 3131 1285 3176 l.
1295 3131 1321 3176 2.
1332 3129 1358 3176 ³.

271 3193 298 3237 et
310 3198 422 3240 recentt.
446 3189 605 3250 lnceterntur,
615 3191 676 3253 quod
687 3193 783 3238 uocetur
794 3187 908 3236 Gronov.
919 3196 945 3238 et
958 3189 992 3237 ιΙ.
1005 3193 1117 3238 reth-²
1134 3188 1216 3238 Chitll·
1225 3205 1287 3240 coen.

301 3251 369 3303 Can.
381 3266 479 3304 xxxvl.
515 3259 527 3302 1
547 3254 590 3304 lte
605 3267 638 3302 ex
657 3252 732 3303 codd.
751 3251 900 3302 lietduinus
914 3261 942 3302 et
964 3259 1073 3302 receutt.
1101 3253 1181 3302 msam
1197 3255 1311 3305 Gronov.
1329 3263 1358 3306 et

269 3317 369 3430 'allutea
384 3394 495 3432 xxxvii.
528 3385 541 3431 1
561 3382 654 3446 thuin
665 3382 726 3432 Vct.
738 3379 878 3429 Doleo-2
895 3379 1011 3431 Gronov.
1023 3387 1050 3430 et
1065 3381 1099 3430 nl.
1116 3388 1177 3432 aute
1190 3381 1318 3434 Herduin.
1334 3389 1358 3434 et

269 3447 294 3494 ir
305 3446 423 3494 mori-³
440 3447 500 3496 Vet.
516 3447 605 3496 Dalec.
621 3446 710 3508 argilla
719 3446 812 3493 morian
822 3447 1064 3508 cgnomentum-t
1080 3445 1153 3495 docto
1164 3445 1250 3497 Chitli.
1284 3445 1357 3512 hicn,

271 3508 1359 3636 utimr:-tta-..tuunatt‘uatituit}stuaaut

271 3635 376 3684 balineis.

761 3699 868 3751 NOTAE

303 3793 494 3859 nirrueterutnr]
520 3796 586 3845 llaec
606 3793 714 3844 totidem
737 3793 792 3844 iere
832 3793 865 3844 de
892 3793 1072 3859 hydromelite,
1096 3811 1142 3847 seu
1168 3812 1234 3861 aqna
1256 3799 1356 3849 mulsa:

272 3873 357 3922 verbis
379 3871 478 3920 Plinius
498 3872 586 3921 Valet.
599 3883 629 3920 rr.
641 3873 681 3919 2³.
699 3877 726 3917 et
748 3871 793 3919 Di·
832 3867 941 3933 ‘longa
960 3880 1090 3922 vetrrrtete
1108 3873 1201 3921 transit
1220 3873 1245 3921 in
1263 3874 1357 3936 vinum,

270 3961 353 3999 oroor.
364 3960 391 3996 v.
401 3952 443 3998 πθ.
460 3943 629 4006 morotum
643 3946 707 3994 δοκεῖ
716 3943 793 3994 καθαί-
834 3945 1005 3995 ...stomacho
1016 3946 1211 4008 inutllimirnnm,
1222 3947 1358 4012 nerrtrqne

272 4041 319 4086 pen
328 4023 446 4085 ἀνδρικῶς,
459 4039 482 4072 rr.
492 4041 515 4072 r.
527 4030 551 4070 λ.
834 4020 1007 4070 contrarium!
1034 4021 1147 4069 Darnuat
1157 4027 1186 4069 et
1197 4020 1222 4069 in
1232 4029 1358 4086 egrotan-

303 4084 323 4130 θ’
333 4098 483 4162 Hydromeli]
500 4096 566 4146 Vide
576 4111 633 4162 que
643 4096 676 4147 de
685 4111 715 4148 eo
726 4098 795 4148 dicte
836 4095 898 4142 tinnr
912 4104 974 4157 potu
986 4094 1126 4157 hydromeli
1139 4095 1226 4146 Dione.
1239 4109 1264 4145 v·
1276 4101 1315 4149 1⁷.

272 4181 330 4221 runt
344 4185 400 4221 xiv.
412 4179 451 4223 tto.
469 4181 495 4224 et
513 4185 585 4224 nn.
595 4177 636 4222 st.
866 4179 879 4212 ‘¹
897 4170 1087 4234 ltendenisroe]
1100 4170 1234 4235 videque
1248 4170 1280 4222 de
1294 4175 1357 4224 Are-

304 4247 422 4296 emnem
432 4249 510 4314 nidis]
538 4247 638 4298 Plinius
659 4261 731 4298 xxrr.
754 4253 794 4299 tl.
835 4245 869 4295 do
880 4254 907 4295 et
917 4247 1040 4296 Ormuria
1048 4246 1159 4296 diximus
1171 4257 1202 4296 rr.
1213 4251 1268 4297 lto.
