3148 4888
500 382 588 434 unu.
611 383 709 432 meu.
733 382 805 432 nin.
821 383 957 432 xxxrr.
975 366 1029 432 19.
1222 367 1308 434 42:39

218 528 355 594 ciorum.
400 523 490 588 Mira
511 523 552 588 de
566 525 618 590 his
633 526 782 590 certatim
795 526 930 592 trudunt
944 532 1106 592 auctores.
1152 525 1262 594 illatis
1277 529 1309 592 in

218 628 380 714 populum
406 625 573 690 silentium
598 626 679 692 fieri.
737 627 905 706 Ossicuio,
927 629 1020 711 quod
1043 629 1110 692 sit⁷
1132 627 1166 692 in
1188 629 1308 694 dextro

218 730 336 806 latere,
361 729 395 792 in
420 747 543 811 aquam
567 727 746 794 ferventem
775 730 914 812 dejecto,
940 728 1123 812 refrigerari
1147 749 1220 809 vas,
1246 750 1309 795 nec

219 837 339 914 postea
359 828 499 905 fervere,
515 828 580 892 nisi
603 837 747 914 exemto.
792 830 832 894 Id
849 831 988 894 inveniri
1003 830 1138 914 objecta
1152 850 1234 896 rana
1245 831 1312 898 ior·

218 933 329 1008 micio,
344 931 564 1014 carnibusque
586 931 713 996 erosis:
735 932 865 1015 singula
885 934 918 998 iu
940 932 1063 998 soiiurn
1077 931 1225 997 addi.‘¹‘¹
1268 933 1313 998 Et

220 1032 312 1098 aliud
335 1051 410 1096 esse
431 1033 466 1096 in
487 1032 624 1098 sinistro
641 1032 756 1112 latere,
770 1053 838 1117 quo
853 1032 985 1117 dejecto
1000 1034 1133 1106 feruere¹
1146 1033 1310 1112 videatur,

220 1142 415 1218 apocynon*
441 1132 569 1197 vocari.
612 1131 742 1198 Canum
764 1135 909 1217 impetus
931 1153 972 1199 eo
991 1135 1150 1213 cobiberi,
1167 1153 1311 1199 amorem

221 1235 394 1312 concitari,
408 1239 443 1298 et
458 1234 594 1317 jurgia,⁹
613 1235 728 1300 addito
742 1236 777 1298 in
792 1238 972 1319 potionem.
1016 1234 1179 1300 Venerem
1194 1235 1311 1300 adolii-

220 1343 331 1416 gntum
352 1335 536 1412 stimulare.
581 1333 712 1399 Rursus
734 1355 755 1399 a
776 1334 895 1401 dextro
918 1337 1022 1400 latere
1044 1336 1228 1420 refrigerari
1249 1336 1314 1400 fer·

223 1437 372 1500 ventia.¹⁰
415 1435 495 1499 Hoc
508 1439 552 1499 et
572 1440 753 1517 quartanas
775 1438 886 1500 sanari
908 1434 1089 1516 adalligato
1105 1437 1140 1499 in
1156 1436 1312 1519 pellicula

223 1536 776 1620 agrumrecentiaiinsquefebres.
813 1535 971 1602 Amorem
985 1537 1125 1602 inhiberi
1136 1557 1187 1601 eo.
1224 1536 1327 1606 Item,

223 1659 266 1712 ex
283 1637 335 1700 his
350 1638 439 1700 ranis
448 1637 521 1710 iieu
536 1643 652 1702 contm
666 1657 806 1717 venena,
819 1659 894 1722 quae
909 1637 992 1702 fiant
1008 1658 1050 1702 ex
1067 1639 1190 1722 ipsis.¹¹

267 1754 355 1802 xrx.
376 1733 570 1802 Auxiliatur
589 1759 668 1804 vero
689 1741 789 1806 etiam
810 1739 978 1805 efficacius
1001 1739 1159 1804 colubra·
1174 1739 1209 1801 in
1224 1757 1313 1822 aqua

223 1841 361 1905 vivens:
383 1841 480 1926 hujus
495 1842 628 1925 adipem
648 1851 683 1907 et
703 1844 748 1908 sel
772 1843 945 1922 habentes,
968 1844 1027 1927 qui
1050 1841 1236 1907 crocodilos
1257 1861 1313 1906 ve-

223 1951 351 2038 nentur,
365 1943 446 2006 mire
468 1943 618 2028 adjuvari
640 1944 778 2022 dicunt,¹
800 1945 883 2009 nihil
905 1952 1019 2009 contra
1033 1943 1146 2007 beiiua
1162 1942 1314 2006 audente.

224 2042 404 2108 Efficacins
437 2045 629 2123 etiamnum,
657 2046 688 2109 si
722 2045 826 2111 herbo
861 2045 1089 2129 potamogiton
1124 2044 1314 2106 misceatur.

225 2141 348 2208 Cancri
376 2143 579 2209 fluuiatilesb
608 2147 675 2210 triti
704 2146 845 2229 potique
875 2165 921 2210 ex
948 2164 1038 2228 aqua
1067 2149 1229 2218 recentes,
1255 2162 1314 2206 seu

225 2246 334 2311 cinere
359 2253 544 2324 asservato,
567 2254 682 2312 contm
705 2267 831 2311 venena
856 2249 966 2311 omnia
987 2250 1136 2329 prosunt,
1158 2244 1315 2328 privatim

194 2375 198 2382 ⁴
226 2353 342 2413 contra
353 2347 566 2429 scorpionum
581 2348 667 2411 ictus
681 2365 756 2411 cum
770 2347 858 2412 lacte
872 2347 1019 2411 asinino:
1042 2346 1095 2410 vel
1110 2345 1140 2408 si
1156 2363 1221 2406 nou
1244 2344 1315 2421 sit,²

226 2447 375 2529 caprino,
399 2446 451 2512 vel
477 2465 698 2530 quocumque.
741 2443 831 2510 Addi
859 2455 894 2511 et
920 2449 1029 2512 vinum
1056 2450 1199 2528 oportet.
1244 2443 1316 2509 Ne·

227 2553 305 2612 cant
325 2557 407 2612 eose
429 2546 498 2611 triti
520 2565 596 2611 cum
610 2548 720 2612 ocimo
735 2546 872 2612 admoti.
917 2547 1043 2612 Eadem
1060 2547 1111 2611 vis
1126 2550 1240 2609 contra
1260 2565 1318 2652 ve-⁸

226 2655 422 2713 nenatomm
444 2647 589 2712 omnium
609 2665 751 2726 morsus,
767 2647 924 2730 privatim
940 2643 1117 2730 scytaieu‚‘¹
1132 2651 1166 2710 et
1180 2663 1316 2726 angues,

259 2803 269 2827 θ
285 2797 385 2859 Sinnio
397 2813 449 2847 orm
457 2797 484 2846 ia
493 2798 576 2847 todem
586 2812 651 2861 oquoe
662 2796 747 2847 calido
757 2795 829 2856 dejici
839 2795 993 2860 aperimeeti
1003 2809 1080 2844 mea.

229 3039 317 3102 vnlgg.
333 3053 414 3088 esrum
424 3039 508 3102 nmmo,
518 3038 555 3086 nei
563 3038 624 3086 vet.
637 3037 727 3088 Deice.
743 3053 825 3088 aaran
835 3038 904 3089 celia
912 3037 1005 3088 imum
1013 3033 1145 3086 cuim-r
1158 3035 1218 3084 Vct.
1226 3034 1317 3085 Doleo.

228 3105 288 3180 qaod
299 3106 390 3152 est-8
407 3100 490 3152 curui.
500 3103 575 3150 oleon
583 3101 658 3158 oddir
675 3101 738 3152 Vct.
748 3103 840 3151 Doiec.
850 3103 933 3152 witam
943 3101 1052 3151 indi-⁹
1069 3099 1128 3150 Vct.
1142 3098 1318 3176 Doleo-sederi

222 3168 381 3228 ,turgia-ro
396 3165 558 3215 Vetliuiee.
571 3165 775 3225 formatem-11
793 3167 907 3216 Gronov.
926 3172 954 3215 et
974 3166 1007 3213 ιΙ.
1029 3174 1089 3212 auto
1108 3162 1239 3211 Haedum.
1265 3175 1317 3224 pua

221 3231 556 3306 flenteciprimcitirtur.
600 3231 649 3277 Cer
665 3243 720 3279 erro
738 3230 810 3279 etiem
830 3230 946 3296 efficacias
962 3235 1007 3278 eet.
1041 3226 1141 3276 cotuier
1156 3231 1192 3274 eet
1210 3227 1236 3272 io
1257 3239 1317 3287 epm

229 3297 402 3410 mfflffix.
435 3360 448 3406 1
461 3358 523 3406 Vct.
534 3354 627 3404 Daiec·
634 3357 787 3418 prodentem
802 3355 861 3407 cod.
872 3355 964 3405 Doleo.
972 3353 1139 3403 dicresim-2
1151 3351 1212 3401 Vei.
1224 3350 1318 3402 orreo.

720 3499 826 3550 Nom

261 3600 322 3652 alr
340 3599 423 3650 seim
442 3595 512 3658 odda]
547 3595 578 3646 iu
600 3591 753 3660 quibusdem
824 3593 990 3644 dormitator
1007 3587 1252 3654 nero-...coiciruJ
1274 3587 1317 3637 Sic

230 3674 508 3736 Maniaeiemneie.
535 3671 753 3734 localiumque
794 3669 965 3732 Mer-omues,
983 3681 1033 3716 nou
1052 3664 1152 3714 nister·
1184 3660 1317 3712 iuindice

231 3751 323 3801 calido
338 3749 416 3813 dejici
431 3748 477 3804 sit.
493 3745 646 3810 experiundi
666 3759 755 3809 canoa,
793 3746 869 3810 hujus
886 3744 946 3807 loci,
964 3748 992 3792 et
1012 3740 1079 3792 iufra
1098 3754 1121 3789 c.
1133 3741 1174 3789 86.
1191 3735 1317 3798 Euhydrie

229 3841 291 3877 num
303 3840 334 3875 eo
345 3825 448 3889 dejecto
459 3821 547 3872 statim
560 3835 603 3870 rm
620 3815 754 3882 refrigere·
795 3819 949 3884 appellatur.
1094 3869 1098 3878 ,

231 3912 281 3953 tur.
314 3901 420 3962 Sotium,
436 3913 480 3948 rm
498 3903 547 3955 eet,
564 3896 589 3944 in
602 3909 652 3959 qno
663 3894 755 3944 ceden-
827 3893 839 3929 ὓ
857 3893 945 3946 θωπί
967 3888 1111 3956 fluuiatiles]
1136 3882 1270 3937 Nicander
1291 3883 1317 3932 in

231 3979 410 4030 teoinrsotur.
442 3973 636 4037 ‘Soiinmaqna
647 3969 753 4020 cuiidae'
793 3971 913 4022 'l'heriac-
924 3985 950 4034 p.
961 3971 1003 4018 48.
1016 3974 1044 4017 et
1055 3968 1146 4016 Diues.
1157 3976 1189 4013 n.
1206 3965 1246 4010 12.
1266 3967 1317 4009 tot·

231 4053 519 4104 rocrtcetmsvrrau.
752 4084 757 4098 .
793 4042 965 4095 idemverbie.

263 4136 273 4161 ¹
288 4125 426 4190 Apocynoe]
441 4123 500 4174 ’Aet
508 4119 659 4186 mimquod
671 4133 755 4168 mnam
825 4129 836 4154 ο
856 4114 1006 4178 Neemteor]
1021 4114 1113 4164 Diosc.
1125 4126 1158 4162 rr.
1171 4115 1210 4161 12.

231 4206 345 4270 impetus
357 4203 485 4254 cohibeat.
825 4191 975 4247 ‘Prieotin
983 4188 1099 4252 aptum]
1118 4185 1260 4236 Coiumeiia
1279 4197 1317 4234 rr.
