3148 4888
276 372 364 445 1318
640 389 673 440 u.
697 383 818 466 rbrurr
843 383 1006 442 saeuum

277 555 355 600 unm
371 533 490 598 annulo
504 533 689 610 exsiliente,
713 541 824 598 tracta
838 537 881 600 ab
901 553 941 600 eu
956 525 1201 620 temporaque
1215 539 1365 604 noudum

276 644 349 700 eret
367 635 461 698 arrba
477 634 639 698 velocior:
663 642 700 697 ut
722 636 821 718 plane
844 635 1004 702 affirmare
1022 637 1198 720 possimus,
1215 659 1369 726 nummos

276 743 373 800 ante⁰
396 734 485 817 apud
499 753 572 811 nos,
592 751 672 798 mox
687 736 832 818 eoepisse
847 737 999 803 annulos.
1045 739 1252 804 Denummis
1266 742 1367 824 paulo

207 835 210 844 '
275 833 374 921 pnst‘¹
397 835 537 899 dicetur.

320 953 387 1000 vn.
403 934 527 999 Annnii
541 933 724 999 distinxere
735 935 869 1000 aiterum
882 937 1050 1002 ordinem‘
1063 957 1083 1002 a
1094 935 1202 1021 plebe,
1214 950 1252 1006 ut
1263 943 1365 1006 semei

276 1043 469 1122 coeperant¹
492 1055 567 1102 esse
590 1036 750 1112 celebres,
774 1037 863 1102 sieut
883 1035 1016 1102 tunicaf
1037 1039 1080 1104 ab
1103 1041 1257 1106 annulis⁸
1270 1063 1365 1107 sena·

274 1146 387 1205 tum:¹
403 1155 594 1220 quanquam
617 1141 648 1199 et
671 1136 734 1199 boc
760 1153 854 1200 sero:
879 1138 1046 1222 vulgoque
1073 1159 1220 1224 purpura
1244 1143 1365 1208 latiore

274 1245 397 1311 tunicae
413 1259 495 1304 usos
508 1237 695 1301 invenimus
709 1237 811 1302 etiam
826 1239 1108 1321 pracanensium
1121 1247 1250 1324 patrem
1264 1243 1364 1308 Lucii

275 1347 356 1412 AEiii
372 1342 535 1417 Stilonis,t
552 1336 763 1404 Praeconinii
781 1341 825 1404 ob
839 1340 874 1404 iri
891 1340 1127 1424 cognominati.
1170 1343 1243 1408 Sed.
1252 1344 1365 1408 annuli

274 1448 373 1533 plane
386 1442 530 1508 medium
553 1439 707 1519 ordinem,
732 1439 951 1524 tertiumque,¹
970 1441 1063 1526 plebi
1087 1448 1123 1506 et
1144 1444 1294 1528 patribus
1314 1445 1364 1509 in·

272 1568 422 1616 seruere:
444 1544 533 1629 qnod
558 1549 653 1607 antea
678 1543 837 1607 militares
862 1545 939 1626 equi
963 1563 1081 1608 nomen
1106 1546 1276 1624 dederant,
1300 1549 1364 1613 buc

271 1671 359 1716 nunc
374 1647 524 1730 pecunia
534 1644 689 1728 judices⁴
702 1645 874 1708 tribuunt·
912 1644 988 1708 Nec
1004 1646 1133 1728 pridem
1149 1649 1183 1711 id
1198 1645 1362 1714 sectumzr'

273 1753 352 1816 divo
371 1749 544 1828 Augustn⁵
560 1744 712 1807 decurias
727 1741 925 1821 ordinante,¹‘
941 1743 1045 1826 major
1063 1765 1143 1827 pars
1160 1745 1313 1830 judicum
1327 1750 1362 1814 in

271 1854 378 1917 ferreo
394 1846 519 1912 annulo
533 1845 613 1909 suit:
635 1844 725 1926 iique
740 1863 807 1907 non
823 1846 966 1928 equites,
978 1844 1035 1908 sed
1047 1846 1183 1928 judices
1193 1850 1364 1913 vocaban-

271 1950 343 2020 tur.¹
374 1948 532 2032 Equitum
546 1963 667 2009 nomen
680 1945 884 2010 subsistebat
899 1945 933 2008 in
949 1946 1067 2010 turmis
1080 1966 1238 2031 equorum
1253 1951 1361 2033 publi-

303 2129 316 2154 ·
335 2121 371 2168 Ut
380 2125 451 2169 nutes
467 2118 583 2167 militares
600 2117 654 2178 eqsi
671 2131 753 2165 nomen
769 2117 897 2180 equitibus
906 2118 1026 2180 stimant,
1040 2119 1095 2182 qss'u
1112 2133 1169 2182 equo
1185 2119 1315 2179 merebant,
1327 2119 1364 2169 ita

270 2199 332 2233 usse
343 2188 369 2230 nt
384 2183 481 2244 Equites
498 2181 596 2230 Jsdires
612 2181 757 2241 uprutteutur
773 2181 878 2242 pecunia
888 2183 995 2245 sudant,
1011 2199 1063 2246 (μω
1079 2183 1162 2233 debent
1172 2198 1221 2233 esse
1229 2183 1364 2233 sestertisss

270 2248 495 2310 quadringentorum
505 2247 527 2295 si
538 2246 579 2308 qni
589 2245 668 2306 Eques
677 2246 791 2308 appetisti
801 2246 868 2302 vetit.

724 2371 886 2392 oouomm
889 2371 903 2392 0

302 2471 369 2520 css.
388 2483 437 2520 ru.
471 2475 481 2518 1
501 2470 562 2518 1ὀ1.
582 2468 675 2517 Dslse.
695 2474 871 2529 superant-4
889 2469 953 2519 ‘Its
975 2470 1041 2520 bene
1061 2470 1139 2521 endd.
1163 2473 1245 2532 Regg.
1274 2469 1362 2518 Editio

269 2537 401 2599 princeps,
421 2543 448 2584 et
470 2534 510 2583 ΕΙ.
529 2531 655 2582 Daisun!
674 2532 829 2582 Barim-s
852 2533 959 2583 Statonia
974 2535 1036 2586 vet.
1053 2535 1193 2586 lisiae-t
1210 2535 1311 2598 Lipsius
1329 2535 1364 2584 de

761 2677 869 2727 Nom

300 2785 311 2811 ⁶
328 2773 519 2836 Nummosuute]
537 2772 621 2834 igitur
630 2779 656 2820 st
667 2779 726 2821 sure
737 2774 793 2822 Nu·
834 2771 946 2838 piebem,
957 2781 1042 2825 tamen
1062 2776 1087 2824 in
1105 2773 1168 2824 setis
1185 2773 1297 2838 publicis
1308 2783 1362 2824 ter·

267 2864 351 2901 maur:
368 2865 416 2899 non
430 2857 514 2899 tamen
527 2850 657 2908 signatus:
675 2862 733 2895 narn
744 2849 794 2909 sig·
833 2853 882 2899 tius
893 2850 981 2900 ordine
994 2851 1182 2911 nominabatur,
1193 2851 1219 2898 in
1230 2852 1297 2899 bunc
1307 2863 1361 2900 rnu-

267 2941 329 2975 usrs
346 2927 450 2975 Servius
467 2923 558 2986 erepit,
575 2931 604 2971 ut
623 2921 792 2984 dicetnrcsp.
833 2926 910 2974 durus
929 2939 1053 2976 sensuve.
1069 2937 1256 2977 norrnvsovs.
1269 2937 1362 2974 noras·

267 3006 307 3052 lt.
342 3000 378 3049 At
399 3002 424 3048 in
442 3000 534 3049 Numen
548 2996 681 3060 serviique
699 3000 793 3047 statuis
835 3013 892 3048 nus.
909 3013 953 3050 un.
970 3013 1118 3054 sensenna.
1135 3013 1229 3050 nuno:
1249 2999 1361 3050 ntdice·

265 3077 372 3127 annulus
382 3073 460 3124 fnisse
477 3074 532 3137 ipse
544 3074 689 3136 paniosate
705 3074 793 3122 admo·
835 3081 876 3123 tur
887 3087 944 3136 cap.
955 3089 1009 3136 seq.

264 3152 322 3200 nuit
333 3150 383 3199 buc
395 3163 452 3212 esp.
861 3147 870 3192 1
888 3150 939 3198 Nee
955 3149 1047 3212 pridem
1063 3149 1090 3199 id
1102 3147 1210 3209 suetum]
1227 3148 1264 3197 Ut
1279 3161 1361 3198 suren

296 3225 309 3260 ‘¹
325 3227 365 3276 De
375 3225 475 3275 samnis
483 3224 552 3286 pusio
562 3221 626 3284 pust]
644 3221 707 3282 Csrr.
720 3225 759 3269 lt.
831 3223 932 3272 seilicet
949 3225 1044 3272 sunnio
1061 3232 1181 3288 equester
1191 3222 1255 3272 urdo
1272 3235 1360 3271 secer-

297 3309 309 3335 ·
325 3301 415 3350 Annali
425 3299 557 3349 distinxere
566 3294 792 3357 uusrsnssrdiuens]
831 3306 937 3346 nasetur
950 3313 964 3346 a
977 3298 1062 3361 piebe.

266 3377 427 3440 Equestrsru.
863 3370 876 3406 ¹
892 3373 1010 3421 Ducarius
1026 3373 1162 3434 ordinante]
1186 3372 1306 3424 indicum
1322 3373 1361 3421 vi·

299 3449 392 3500 'Sicut
410 3450 503 3512 instes]
528 3449 627 3498 'l'nnies
643 3448 744 3497 seilicet
755 3449 791 3496 la·
831 3447 938 3510 delicet,
956 3463 1007 3497 uun
1028 3448 1159 3511 Equitum,
1175 3456 1204 3496 ut
1222 3448 1302 3496 visum
1319 3455 1363 3496 est

267 3527 380 3588 tibiatis,
391 3526 423 3574 de
436 3539 487 3590 qua
498 3539 545 3573 nos
558 3523 660 3574 sbnnde
674 3523 789 3586 disputa·
831 3523 986 3571 nuunsmini.
1019 3523 1142 3573 ‚indicum
1162 3535 1223 3570 vero
1247 3522 1362 3571 decurioe

266 3602 357 3662 vimus,
370 3601 395 3650 in
407 3600 485 3650 Notis
494 3607 522 3649 et
533 3599 642 3648 Ement.
652 3600 684 3647 ad
696 3600 739 3650 tib.
751 3613 790 3651 rx.
831 3596 918 3659 plnres
937 3596 1019 3660 fuere,
1041 3597 1190 3660 sudemque
1210 3597 1287 3646 variis
1307 3596 1362 3645 dis-

265 3681 401 3728 unumst.
831 3679 910 3721 cretae
932 3671 1086 3731 nominibus,
1111 3679 1141 3722 ut
1167 3687 1226 3721 mox
1249 3672 1362 3720 dicetur.

298 3763 311 3798 t
326 3755 365 3804 rt
375 3749 480 3814 nasutis]
489 3749 531 3800 Ab
540 3749 633 3813 Equus
646 3750 735 3813 ctrijns
746 3766 793 3801 an·
830 3748 944 3796 Decuris
961 3747 987 3796 in
1006 3747 1053 3796 boe
1067 3747 1187 3810 loquendi
1201 3759 1294 3810 genere
1306 3757 1361 3797 nuu'

265 3831 320 3879 unii
332 3843 493 3890 concessum,
505 3835 625 3889 negatum
637 3825 716 3888 plebi.
829 3831 870 3872 est
882 3820 958 3870 bursis.
992 3823 1058 3871 Nsru
1070 3823 1176 3886 singulte
1186 3823 1298 3872 decuria
1310 3825 1363 3872 sin·

297 3903 472 3966 hPrusensini]
499 3902 563 3952 Vide
576 3915 632 3966 qna
644 3900 755 3952 dicemus
765 3905 790 3952 in
830 3899 1031 3962 putamininmm
1042 3899 1362 3964 mittrscenttuebsnt,ip·

267 3981 409 4031 Auctornm
423 3979 523 4039 Iudice,
541 3975 620 4028 verbo
636 3987 723 4024 usurus
742 3989 793 4028 sur·
830 3987 859 4023 sn
871 3981 938 4024 teste
951 3973 1044 4024 Plinio.

267 4069 312 4107 ιο.
862 4051 869 4083 ¹
887 4051 935 4100 Sed
945 4049 1039 4109 judiees
1047 4047 1201 4114 ominatur]
1218 4051 1259 4098 Ex
1270 4063 1364 4116 eques·

301 4132 307 4163 ¹
327 4125 488 4191 Tatiumque]
516 4125 566 4176 Qui
585 4125 647 4172 iicet
663 4122 791 4186 diguitsts
831 4129 865 4179 tri
879 4138 964 4180 tsnssn
976 4127 1067 4179 ordine
1078 4141 1166 4178 omnes
1178 4129 1273 4178 slieeti.

267 4220 299 4255 ae
317 4219 397 4256 censu
415 4203 515 4255 medius
535 4201 603 4251 inter
619 4199 739 4251 Sennium
761 4218 791 4252 sc
