3146 4896
244 315 332 384 413⁴
611 333 645 380 c.
668 331 786 381 rnrurr
811 333 973 382 accusor
1035 345 1040 358 ·
1069 357 1072 362 ,

246 473 409 556 Egelestae
422 473 568 550 caeditur,
584 473 689 555 glebis
704 493 800 556 peene
815 471 1101 550 translucentibus,
1115 473 1169 536 coi
1179 473 1249 557 jam
1266 471 1346 554 pri·

247 573 323 638 dem
345 575 457 656 peirne
482 594 504 640 a
526 575 690 658 plerisque
710 575 847 640 medicis
870 575 955 638 inter
979 574 1091 638 omniu
1112 573 1194 637 salis
1215 592 1345 653 genero

247 675 446 757 perhibetur.
489 675 606 740 Omnis
620 677 718 741 locus
731 677 765 739 iu
781 697 848 759 quo
864 677 1022 760 reperitur
1043 675 1106 751 sai,
1128 674 1249 738 sterilis
1268 681 1345 752 est,-

246 776 394 860 nibiique
422 779 544 859 gignit:
571 785 604 842 ot
631 780 666 841 in
696 784 803 841 totum
831 785 949 860 sponte
976 795 1119 840 nascens
1147 776 1233 838 iutra
1259 775 1342 838 baec

248 875 325 940 est!

292 977 428 1042 Factitii
443 986 468 1025 ¹¹
491 980 583 1043 varia
598 999 726 1060 genera.
759 979 914 1061 Vulgaris
929 977 1342 1062 plurimusqueiusaliuis,

247 1079 331 1142 mari
347 1077 466 1155 affuso,
480 1099 546 1144 nou
561 1081 631 1144 sine
643 1099 740 1164 aquea
755 1079 861 1144 dulcis
875 1079 988 1162 riguis,
1002 1077 1061 1142 scd
1075 1079 1180 1142 imbre
1189 1079 1341 1141 maxime

243 1177 394 1260 juvante,
409 1199 450 1243 ac
466 1182 690 1261 superomnia
705 1180 784 1244 Sole
797 1181 911 1254 multo,
931 1198 995 1243 uon
1017 1178 1112 1242 aliter
1134 1179 1340 1242 inarescens.

247 1277 363 1343 Africa
377 1280 466 1344 circa
481 1279 616 1344 Uticam
630 1281 793 1344 construit
806 1298 943 1343 acervos
957 1279 1038 1342 setis
1052 1276 1095 1342 ad
1109 1277 1242 1342 collium
1258 1295 1340 1360 spe-

249 1378 358 1444 ciem:
392 1381 450 1463 qui
480 1381 535 1444 ubi
568 1381 648 1444 Solo
677 1381 838 1463 Lunaque
866 1380 1051 1456 induruere,
1073 1377 1167 1442 nullo
1196 1377 1339 1443 humore

196 1479 202 1492 '
248 1479 449 1561 liquescunt,
464 1482 589 1564 vixque
603 1482 707 1545 etiarn
721 1482 807 1545 ferro
829 1481 1006 1545 caeduntur.
1050 1478 1107 1542 Fit
1127 1484 1238 1541 tardeu
1253 1484 1287 1542 et
1301 1480 1339 1542 in

248 1579 349 1645 Creta
362 1583 435 1646 siue
451 1584 566 1663 riguis,
582 1584 615 1646 iu
637 1584 763 1646 salinas
786 1602 874 1646 marc
895 1580 1179 1646 infundentibusz‘
1200 1586 1233 1642 et
1247 1581 1338 1644 oiroa

249 1681 444 1764 AEgyptum,
463 1684 539 1765 ipso
566 1685 671 1748 muriq
693 1685 847 1748 influente
870 1683 1031 1746 in-solunr
1050 1683 1101 1758 (ot
1119 1677 1238 1762 credo)
1251 1679 1337 1744 Nilo

248 1784 454 1846 succesum!
496 1784 552 1848 Fit
578 1791 610 1848 et
639 1779 790 1867 o'puteis
818 1785 852 1848 in
878 1784 1003 1848 salinas
1031 1782 1180 1863 ingestis.
1222 1781 1337 1846 Prima

249 1882 399 1948 densatio
414 1885 587 1978 Babylone
597 1887 631 1950 iu
642 1887 787 1950 bitumen
796 1886 955 1970 liquidum
966 1884 1115 1965 cogitur:
1129 1884 1205 1948 oleo
1214 1884 1335 1960 simite,

250 2003 319 2065 quo
335 1991 369 2048 et
382 1987 417 2048 iu
432 1986 575 2051 lucernis
589 1993 739 2051 utuntur:
759 1986 824 2051 boc
845 1987 991 2051 detracto
1011 1985 1124 2050 subest
1136 1983 1199 2048 sal.
1243 1985 1287 2048 Et
1300 1986 1335 2048 iu

249 2085 468 2169 Cappadocia
483 2107 502 2151 e
516 2089 627 2169 puteis
643 2107 683 2152 uc
702 2088 792 2152 fonte
816 2105 934 2170 aquarn
952 2085 987 2148 iu
1004 2086 1129 2150 salinas
1148 2088 1337 2166 ingerunt.¹⁴

248 2185 290 2250 ln
303 2184 470 2252 Chaoniar
491 2192 685 2270 excoquunt
694 2207 812 2269 aquam
826 2207 870 2250 ex
882 2187 981 2262 sonte,
994 2186 1273 2270 refrigerandoque
1282 2206 1338 2250 sa-

248 2285 314 2350 lem
330 2285 460 2350 fuciunt
482 2286 631 2365 inertem,
654 2305 715 2350 nac
734 2284 947 2351 conditiones
992 2285 1116 2350 Galliae
1130 2286 1335 2356 Germaniae·

248 2404 313 2470 quo
327 2385 516 2451 ardentibus
530 2388 647 2470 lignis·
667 2406 790 2470 aquam
805 2388 927 2452 salsam
940 2385 1124 2454 infundunt·

294 2503 360 2550 xr..
383 2487 561 2572 Hispaniae
577 2490 719 2572 quadum
735 2489 789 2552 sui
803 2497 897 2572 parto
912 2507 931 2552 c
945 2487 1055 2572 puteis
1069 2486 1252 2567 hauriunt,¹
1265 2509 1334 2554 mu·

283 2654 295 2688 *
314 2657 346 2705 Et
354 2659 447 2707 mnino
457 2657 508 2706 trae
517 2662 572 2706 runt
582 2654 657 2705 antid
668 2655 725 2704 sato
736 2667 834 2714 genero.

282 2727 293 2752 θ
309 2721 369 2771 Sine
379 2723 485 2771 mixtura
494 2737 561 2784 uque
571 2721 655 2776 deicis,
663 2719 715 2768 rot«
724 2719 817 2768 morino
826 2732 886 2780 apuu
893 2718 972 2782 offuso
981 2719 1008 2770 in
1017 2721 1113 2770 rdiam.

282 2781 296 2816 δ
314 2785 369 2835 ΝἰΙί
378 2785 551 2848 oeconomia
563 2787 699 2845 trrigotren.

284 2854 294 2878 ¹
308 2849 378 2974 Δὲιω
388 2864 401 2898 c
410 2851 488 2912 puteis
499 2849 621 2913 Babylone
631 2847 713 2896 mo
724 2851 748 2896 et
758 2847 784 2895 ia
793 2845 882 2896 solim
893 2847 985 2910 ingesto
1001 2848 1102 2912 primun
1118 2850 1229 2898 deantur
1238 2847 1264 2896 ia
1275 2846 1334 2896 bitu·

250 2923 312 2972 rnen,
341 2928 363 2961 c.

704 3001 883 3026 eumn

252 3123 317 3171 -rt
333 3121 395 3172 Vet.
407 3121 501 3172 Delec.
512 3129 538 3172 et
549 3121 607 3172 eod.
618 3121 731 3185 ejusdem
741 3137 748 3172 ι
759 3123 796 3172 ent
805 3125 888 3182 omre
898 3135 1003 3184 amens,
1013 3123 1102 3172 eteritis
1112 3127 1157 3185 ent,
1167 3123 1272 3186 sititque
1279 3121 1334 3182 gig·

252 3187 421 3237 aitiatotuur.
454 3186 515 3236 Sunt
526 3187 588 3236 inter
598 3187 648 3234 ttae
652 3187 756 3246 sustitit.
784 3187 899 3237 Gronov.
913 3193 941 3234 et
951 3187 984 3234 at.
997 3193 1060 3236 vett.
1070 3187 1134 3236 inter
1144 3189 1195 3236 inec
1204 3193 1248 3238 eut.
1277 3187 1334 3235 Foe-

252 3249 315 3310 tr'tii,
325 3253 429 3314 tra-lt
446 3251 511 3301 cod.
523 3251 617 3300 Detec.
628 3252 672 3312 rut,
683 3256 705 3298 et
716 3251 743 3299 in
755 3251 909 3314 cappadocie
917 3250 1003 3314 puteis,
1014 3249 1128 3316 cosme,
1137 3267 1204 3315 guen
1214 3254 1240 3301 in
1248 3251 1334 3301 ratim

253 3313 436 3374 tugerent-lt
454 3315 513 3365 Vet.
525 3315 617 3367 Deice.
626 3317 667 3365 ud
677 3315 808 3365 widun.

744 3439 850 3494 NOTAE

253 3539 382 3592 flicetiu·
394 3536 592 3603 IsidorurOrig.
605 3553 664 3590 ιιι.
673 3544 698 3589 2.
716 3541 776 3591 Huc
815 3541 841 3592 in
853 3541 941 3591 ratem.

252 3613 339 3676 lepide
356 3613 473 3662 Sidonius
491 3613 576 3663 elirrrit
594 3615 677 3677 Epist.
688 3629 725 3664 rx.
738 3620 777 3666 te.
846 3616 903 3664 ‘In
926 3615 1042 3680 Chaonio]
1064 3616 1132 3666 Vide
1154 3617 1236 3667 Notou
1257 3624 1283 3666 et
1302 3619 1331 3666 E·

251 3698 258 3719 ⁶
270 3691 350 3741 Venit
362 3689 387 3738 in
403 3697 503 3739 nostras
515 3704 529 3739 ι
542 3697 569 3738 te
578 3689 696 3753 profecta
706 3679 777 3754 pagi·
816 3690 982 3740 mondoum.
994 3696 1033 3742 16.

252 3780 286 3816 ua
298 3779 395 3828 manus,
410 3778 466 3828 qrrac
479 3764 556 3814 trabit
572 3765 675 3813 rnultern
692 3764 777 3812 simili·
848 3774 858 3799 ⁸
873 3767 1020 3816 Ardeatibus
1029 3766 1113 3830 lignis]
1128 3767 1195 3816 Sulis
1210 3767 1247 3816 ita
1262 3767 1332 3818 coufi-

253 3841 369 3892 tudiuern
390 3840 422 3889 de
438 3841 492 3889 sate
506 3839 642 3902 Hispano,
663 3840 689 3888 iu
704 3838 776 3902 jngir
818 3841 903 3891 ciendi
922 3843 1044 3892 rationem
1056 3843 1180 3907 Agricola
1197 3842 1291 3893 edocet
1305 3843 1331 3894 da

254 3931 322 3966 euro
342 3915 593 3966 Tarraconensibus:
610 3930 669 3964 uanr
691 3928 777 3964 receu-
817 3917 857 3965 Re
866 3918 966 3967 Metuit.
976 3919 993 3968 1.
1006 3932 1044 3969 rr.
1057 3934 1082 3980 p.
1093 3923 1151 3969 45⁰.

255 3993 322 4041 uenti
333 3991 421 4042 incide
431 3999 459 4042 et
470 3992 537 4042 seire
549 3991 607 4040 eut!
848 4001 860 4026 ⁸
878 3994 985 4056 Eputeia
994 3992 1118 4055 madunt]
1130 3995 1230 4060 Aquam
1238 3996 1331 4054 uisum.

286 4066 370 4128 Πρω
380 4069 452 4131 σιω-ι]
479 4068 567 4131 Ipsum
585 4081 666 4129 utere,
686 4065 778 4132 iuquit,
817 4083 893 4134 quam
905 4071 981 4134 tignis
994 4069 1139 4122 infundant.

254 4157 299 4194 sue
311 4143 336 4192 ri
348 4142 455 4194 influens
466 4144 492 4194 iu
504 4142 610 4208 Egypt!
622 4145 715 4206 coium,
723 4145 778 4196 ubit
