3100 4898
240 375 337 466 esau
512 445 515 452 ,
553 445 556 452 .
603 403 970 462 c.raru11eacnae1
1050 426 1056 440 ›

242 553 390 622 iberidas
404 549 551 617 remedio
565 555 628 627 eet,
646 555 679 615 ei
691 554 806 616 couba
825 547 993 632 ephemeri
1003 556 1029 588 ¹²
1049 557 1165 636 potum
1181 561 1255 620 cum
1279 561 1332 623 is„

242 656 344 722 minia
358 674 435 719 uva.
465 653 609 735 Sanguis
622 652 799 736 caprinusl
820 652 979 718 decoctus
992 671 1068 718 cum
1090 655 1235 720 medulla
1248 677 1331 736 con-5

242 767 295 822 tra
307 756 426 823 toxica
440 773 564 818 venena
578 753 738 817 sumitur:
753 751 904 818 bedinus
918 761 1032 820 onuba
1046 757 1183 840 reliqua.
1199 758 1332 842 Coagu·

240 861 307 924 lum
323 857 410 922 haedi
431 863 547 920 contra
570 856 711 930 viscum
732 860 766 918 at
783 855 1063 922 cbammleonam¹
1084 859 1231 937 album,¹¹
1255 881 1333 926 saue.

239 959 624 1044 gumeuqeeuaurinum,
638 964 753 1021 conus
767 977 867 1042 quom
883 963 915 1022 at
928 958 1056 1041 leporis
1077 961 1254 1043 coagulum
1275 971 1333 1026 esi

241 1081 286 1126 ex
302 1067 441 1125 aceto.¹4
476 1058 597 1122 Contra
620 1057 851 1140 pastinacam‘
871 1066 996 1126 vercel
1017 1064 1164 1126 omnium
1187 1065 1329 1128 marino·

240 1181 314 1226 rum
326 1161 417 1226 ictus
432 1162 486 1224 vel
497 1179 639 1238 memus,
659 1163 834 1242 coagulum
849 1161 985 1244 leporis,
996 1162 1161 1242 velhaedi,
1173 1166 1226 1229 rel
1241 1167 1333 1247 agni,

240 1262 409 1328 drachma
427 1260 574 1344 pondere
588 1280 631 1324 ex
647 1261 740 1325 vino.
780 1260 923 1344 Leporis
937 1262 1112 1344 coagulum
1124 1271 1138 1300 ⁸¹
1161 1271 1195 1328 el
1214 1273 1329 1330 coutm

238 1383 365 1431 venena
390 1365 522 1430 additur
531 1372 556 1411 ¹¹
578 1361 745 1428 antidotis.
803 1362 936 1446 Papilio
959 1382 1090 1447 quoque
1116 1365 1337 1436 lucernarum.

239 1467 416 1531 luminibus
437 1464 610 1540 advolans,
638 1464 725 1527 iuter
748 1463 840 1528 mula
857 1462 1104 1530 medicamenta
1128 1477 1329 1534 numeratum

241 1567 334 1632 Huic
346 1567 543 1632 contrarium
557 1572 608 1630 esi
615 1564 711 1648 jecur
721 1567 909 1649 caprinum:
930 1566 1018 1632 sicui
1030 1567 1077 1632 sel
1099 1567 1273 1633 veneficiis
1285 1589 1328 1634 ex

239 1667 383 1733 mustela
406 1669 558 1733 rustica*
580 1667 692 1750 laclia.
733 1667 826 1732 Hinc
845 1667 964 1732 deiude
994 1677 1194 1734 revertemur
1207 1669 1249 1733 ad
1271 1689 1329 1752 ge·

239 1786 322 1832 nera
335 1771 537 1834 morbosum.

276 1887 382 1936 xuvr.
404 1868 497 1954 (ιιι.)
519 1868 643 1953 Capilli
660 1867 805 1939 defluvia
816 1877 830 1905 ⁸
843 1870 977 1934 ursinus
992 1869 1097 1953 adeps
1112 1869 1263 1936 admixto
1278 1871 1329 1940 la-

238 1971 329 2035 dano
344 1978 380 2058 et
395 1971 528 2035 adianto
544 1971 703 2046 continet,
728 1969 965 2054 alopeciasque
986 1968 1149 2046 emendat,
1164 1977 1200 2033 et
1213 1972 1330 2034 rania-

240 2078 305 2136 rem
321 2072 668 2157 superciliorum,cam
684 2071 796 2153 fungis
807 2071 1025 2147 lucernarum,
1036 2088 1078 2135 ac
1089 2069 1238 2154 fuligine,
1253 2091 1329 2154 quas

238 2181 293 2237 esi
306 2173 471 2238 iurosbis
498 2171 636 2238 carrum.b
678 2171 842 2253 Porrigini
868 2189 944 2236 cum
968 2171 1047 2236 vino
1072 2171 1230 2255 prodeat.e
1271 2173 1327 2238 Ad

693 2349 874 2371 ”nemun

239 2463 268 2514 ir
287 2463 391 2514 ‘cium
408 2466 500 2529 qusqai.
521 2459 588 2512 Vide
598 2477 659 2513 num
669 2464 727 2525 cod,
737 2463 779 2512 vel
788 2463 874 2528 coqai.'
889 2465 1045 2514 Dalm-ra
1062 2463 1104 2514 lta
1115 2465 1191 2515 codd.
1201 2465 1329 2517 Harduinl
1439 2517 1441 2522 ,

240 2537 268 2577 er
279 2527 362 2579 clrissl.
374 2543 431 2578 cuns
441 2529 501 2578 edd.
515 2527 640 2577 Harduln.
652 2532 676 2576 l.
686 2532 711 2576 ².
723 2533 747 2577 3.
759 2537 786 2576 at
803 2536 912 2578 recessit.
929 2529 1073 2590 epiema
1079 2529 1195 2580 Gronov.
1205 2539 1233 2580 et
1243 2531 1328 2593 sulgg.

239 2594 312 2650 Mos,
322 2599 402 2656 mium
412 2599 493 2642 casira
504 2593 579 2642 ninus
587 2593 642 2640 cisa
653 2591 712 2642 cod.
731 2593 888 2644 Dulce-ll
906 2593 967 2641 Vel.
980 2592 1069 2642 Dslec.
1084 2600 1167 2646 conire
1178 2595 1327 2644 alamben-

238 2657 272 2705 is's
281 2657 442 2714 albiniacum:
458 2657 573 2706 Gronov.
582 2657 840 2706 cambonem-1⁴
858 2655 899 2706 lla
910 2655 985 2705 codd.
997 2655 1125 2706 Harduiui
1138 2665 1164 2706 el
1177 2655 1258 2707 Cblffl.
1271 2670 1331 2707 cussa

239 2719 299 2770 edd.
320 2719 447 2770 ilssduls.
462 2725 486 2770 l.
504 2724 530 2769 2.
549 2724 574 2769 4.
593 2727 622 2769 et
638 2727 747 2770 mesula.
771 2720 893 2782 mosam
909 2734 942 2770 es
959 2725 1023 2771 earu
1040 2718 1154 2772 Gronov.
1170 2727 1199 2770 et
1210 2721 1328 2786 suigg-

239 2787 270 2832 la
288 2783 352 2833 Ceri.
365 2784 455 2836 Dalec.
477 2783 599 2848 mnan
609 2789 692 2834 essm
701 2797 789 2836 seam
798 2785 915 2836 aarum.

731 2927 837 2982 Nom

240 3036 295 3085 pra,
308 3023 348 3070 til.
359 3025 399 3070 88.
416 3021 463 3070 ‘Si
476 3022 532 3085 quis
552 3021 713 3070 cantharidas
725 3023 765 3072 bi·
834 3029 847 3056 ⁸
874 3023 962 3086 capiar
982 3023 1099 3090 destasia]
1138 3023 1204 3074 Herc
1231 3027 1329 3089 pariter

239 3097 322 3146 basias
340 3108 426 3158 caprae
438 3097 477 3145 lac
493 3095 575 3158 bibat,
587 3095 746 3154 liberabitur.
804 3099 945 3149 Marcellus
956 3101 1079 3165 Empirir.
1092 3116 1114 3151 c.
1125 3105 1150 3150 d.
1163 3116 1188 3164 p.
1199 3106 1239 3154 46.
1250 3112 1277 3151 er
1288 3108 1329 3153 46.

271 3181 281 3206 ¹
297 3171 402 3234 Sasgsis
412 3173 534 3236 mpisss]
547 3174 701 3236 Dacsprluo
711 3176 763 3224 lare-
803 3175 897 3224 Sextus
908 3176 1011 3226 Piston.
1024 3191 1047 3226 e.
1060 3179 1099 3225 la.
1110 3176 1143 3225 da
1162 3191 1229 3238 urso,
1246 3179 1287 3227 rit.
1304 3183 1327 3228 i.

238 3247 349 3310 dicoque
357 3249 577 3309 sanguiaeeonira
587 3249 697 3298 toxicum
706 3251 765 3300 sub·
803 3249 855 3299 ‘Ad
863 3251 970 3314 capillos
979 3249 1099 3312 fluentes,
1109 3259 1136 3299 et
1148 3258 1176 3300 ut
1187 3250 1330 3301 crescant?

238 3323 342 3384 scripsit
352 3332 380 3371 et
392 3323 481 3372 Dicae.
494 3323 518 3371 in
531 3322 652 3386 Alexlpls.
664 3339 688 3375 c.
697 3329 739 3379 20.
803 3324 811 3352 ‘
823 3325 932 3375 Ursinus
952 3325 1032 3388 adeps
1051 3339 1109 3375 eum
1127 3327 1218 3376 ladano
1229 3337 1257 3378 et
1269 3331 1329 3379 sino

270 3407 279 3431 ¹
306 3397 395 3447 Gcslru
420 3399 518 3454 abram
535 3404 559 3449 el
578 3399 766 3468 elenchorum]
806 3407 895 3450 serere
908 3399 1080 3462 mixtns,’&e.
1113 3400 1200 3450 Diosc.
1219 3402 1282 3452 iiam
1297 3418 1329 3453 ιι.

240 3471 299 3520 lloe
307 3480 358 3532 est,
366 3482 457 3522 contra
468 3474 575 3540 siacum,
584 3489 659 3539 quem
668 3483 696 3525 et
706 3477 764 3527 cbs·
804 3478 845 3526 94.
880 3475 995 3526 Galenus
1007 3475 1041 3525 de
1054 3476 1155 3526 Faenio
1164 3477 1245 3542 Simp.
1257 3475 1329 3528 Med.

238 3549 390 3597 rualsenem
401 3549 487 3598 albans
502 3561 602 3614 uocaui,
613 3559 642 3600 ui
653 3551 764 3602 diximus
806 3551 850 3601 lib.
858 3564 886 3602 x.
895 3567 920 3601 e.
933 3556 956 3601 l.
969 3565 995 3614 p.
1004 3555 1061 3601 8⁰2.

239 3626 333 3671 smel.
366 3621 663 3689 Figuralsaeessqssm
671 3625 764 3676 Gram·
836 3623 849 3662 l
866 3625 1088 3688 iamairissarsra]
1105 3627 1171 3676 Pars
1182 3629 1329 3678 catecumi-

239 3697 475 3757 ustieivoeanrstv
493 3699 531 3749 dal
546 3701 616 3764 desis,
632 3699 763 3752 familiaris
803 3702 1047 3759 uatslaeeruarum,
1065 3716 1122 3766 quse
1139 3705 1272 3754 manubrio
1284 3704 1329 3753 sd·
1388 3729 1393 3742 ·

239 3771 490 3836 presertimpoe'tis.
803 3785 937 3827 seraaear.
969 3777 1329 3827 leonsassrisalueernasuus

270 3850 279 3879 ⁸
296 3848 384 3896 Coabu
394 3849 550 3913 psalimus]
566 3849 688 3900 'lotidem
706 3849 763 3902 l'ere
803 3851 872 3914 apud
884 3854 1001 3917 antiquos
1012 3851 1151 3901 Furinales
1163 3852 1276 3902 Liceiins
1285 3867 1330 3902 es·

238 3922 323 3971 serbis
336 3921 435 3972 Plinius
446 3923 533 3972 Valet.
546 3937 589 3974 ιιι.
601 3929 643 3974 54.
799 3927 885 3988 biber,
907 3941 987 3991 opere
1004 3928 1125 3991 singulari
1145 3928 1179 3976 de
1196 3928 1330 3994 Lucernis,

273 3997 397 4060 ¹Lepm's
423 3997 555 4060 cussum]
582 3998 714 4048 Nicander
736 4001 763 4050 ln
803 4016 830 4065 p.
840 4000 897 4053 duo.
915 4011 942 4053 et
958 4017 1030 4068 seqq.
1056 4003 1188 4054 Habemus
1204 4013 1231 4056 ea
1244 4019 1289 4055 uos
1304 4007 1330 4055 is

238 4072 358 4122 Theriac.
369 4089 394 4135 p.
402 4077 477 4123 luel
489 4074 515 4123 ln
527 4073 747 4139 alumpnum.
804 4077 897 4127 Museo
907 4085 1006 4128 uestro.

270 4150 763 4218 'Eamamelursslieslvldaquadlxb
836 4159 846 4186 ⁶
873 4153 1015 4217 Porrigini.
1032 4154 1210 4218 ..Μιι4]
1240 4155 1329 4221 Adepa

240 4229 411 4275 mussulae.
848 4230 854 4240 ’
1291 4257 1295 4266 .
