3146 4896
261 353 348 422 4218
626 373 660 422 c.
684 371 804 420 rnrurr
827 365 993 421 snounnr

261 514 353 578 nullo
374 531 437 578 suo
460 513 588 593 labore,
602 533 667 580 non
688 511 868 590 retinendo,
881 519 940 578 ent
959 511 1027 578 elio
1047 509 1163 590 modo,
1177 529 1281 594 quom
1297 509 1351 576 ed·

261 613 428 679 bmreudo.
472 615 552 680 Hoc
570 613 724 680 tantulob
747 613 830 680 setis
852 622 927 679 est⁷
947 622 1068 679 contre
1081 621 1133 678 tot
1146 614 1302 696 impetus,
1318 617 1355 675 ot

262 721 354 778 vetet
375 717 422 781 ire
442 715 585 796 navigio.
628 715 696 778 Sed
717 723 854 780 srmstoe
876 713 1005 779 classes
1019 715 1192 797 imponunt
1205 712 1270 778 sibi
1286 720 1356 778 tur·

262 811 347 878 rium
362 811 635 898 propugnacula,
650 822 690 877 ut
711 812 747 878 in
769 814 851 884 muri
873 833 1005 898 qnoque
1029 819 1202 897 pugnetur,
1218 813 1314 878 velut
1335 831 1356 876 e

186 927 192 946 ¹
262 916 377 982 muris.
420 915 500 980 Heu
515 915 645 984 renites
657 915 815 992 humanu,
830 933 904 982 cum
921 923 1026 980 rostrs
1040 911 1109 992 iliu,
1120 933 1187 983 sere
1202 914 1356 997 ferroque

263 1015 307 1078 nd
328 1017 416 1081 ictus
435 1024 572 1092 ernusto,
588 1015 804 1098 semipedalis
819 1015 964 1084 inhibere
979 1017 1099 1100 possit,
1115 1034 1154 1080 ec
1169 1022 1278 1078 tenere
1299 1013 1358 1078 de·

264 1115 386 1193 vinctu,
400 1116 593 1199 pisciculus.
637 1115 757 1179 Fertur
779 1113 925 1184 Actiaco
948 1116 1055 1182 Morte
1075 1116 1221 1181 tenuisse
1235 1121 1358 1197 preto-

264 1217 347 1282 rium
375 1219 488 1281 nerim
516 1215 668 1294 Antonii,
692 1218 903 1300 properentis
931 1215 1104 1282 circumire
1129 1226 1163 1283 et
1189 1215 1356 1282 exbortnri

265 1337 360 1396 snos,
372 1317 477 1382 donec
494 1319 644 1382 transiret
656 1317 693 1381 iu
704 1318 818 1382 oliam.
861 1318 1010 1401 Ideoque
1027 1317 1221 1384 Caesarisne
1235 1317 1356 1381 classis

265 1421 393 1502 impetn
413 1419 539 1504 majore
559 1419 712 1501 protinus
737 1417 836 1483 venit.
877 1419 1002 1484 Tenuit
1022 1425 1056 1482 et
1069 1424 1186 1482 nostre
1199 1417 1358 1482 memoris

266 1519 342 1585 Caii
366 1521 548 1604 principise
573 1521 616 1584 eb
641 1518 767 1584 Astura
792 1517 928 1584 Antium
954 1519 1218 1601 renavigantisz⁸
1246 1521 1283 1583 ut
1303 1536 1357 1581 res

266 1625 319 1684 est
331 1623 431 1686 etiem
448 1620 633 1702 auspicalis
649 1621 854 1703 pisciculos!
897 1620 1069 1703 Siquidem
1088 1621 1273 1686 novissime
1289 1625 1360 1684 mm

267 1721 302 1784 in
327 1721 451 1786 Urbem
473 1715 624 1786 reverens
647 1721 705 1786 ilie
727 1721 910 1805 imperator
931 1722 1027 1786 suis⁹
1051 1721 1150 1785 telisd
1178 1720 1359 1784 confossus

265 1827 327 1884 est.
372 1821 445 1886 Nec
467 1820 569 1906 louge
591 1822 654 1886 luit
673 1822 764 1887 illius
785 1841 886 1888 morse
909 1823 1096 1901 admiratio,
1119 1825 1233 1888 stetim
1255 1837 1358 1885 causo

268 1920 443 1999 intellecta,
458 1941 533 1986 curn
556 1941 575 1986 e
595 1927 666 1986 totu
689 1921 799 1988 classe
821 1922 1067 2006 quinqueremis
1086 1923 1163 1988 sole
1175 1942 1244 1987 non
1260 1919 1360 2004 proii-

268 2031 401 2101 ceret‚¹⁰
410 2022 645 2087 exsilientibus
656 2023 809 2105 protinus
821 2024 879 2106 qui
891 2023 925 2087 id
938 2031 1123 2108 qnaererent
1134 2023 1227 2088 circa
1236 2021 1366 2098 norim,

267 2125 422 2188 invenere
448 2123 673 2190 sdbaerentem
695 2125 932 2208 gubernaculo,
957 2125 1238 2208 ostenderemus
1261 2121 1361 2201 Gaio,

269 2225 449 2307 indignanti
470 2225 532 2290 boc
550 2226 657 2290 fuisse
680 2225 769 2308 qnod
785 2245 822 2290 ss
837 2232 1022 2302 revocaret,
1037 2226 1375 2308 quadringentorum·-

270 2335 355 2408 qoe·
370 2327 526 2408 remigum
545 2325 707 2410 obsequio
725 2330 843 2390 contre
854 2337 892 2390 se
904 2325 1132 2392 intercederet.
1175 2324 1364 2392 Constabat

302 2471 313 2504 ⁶
329 2471 360 2522 n
370 2475 483 2538 mpetu
492 2476 572 2526 eum
580 2475 715 2540 parm

721 2599 906 2638 'unomen‘

272 2701 500 2762 miseraute-ti
516 2701 640 2758 lslraesrut
650 2703 683 2754 si.
695 2718 738 2766 sp.
749 2705 889 2754 Dulce—⁷
906 2703 969 2754 Hes
985 2702 1080 2752 tostillo
1091 2706 1126 2752 est
1136 2701 1197 2751 sutis
1208 2701 1325 2766 Gronov.
1334 2707 1363 2750 et

271 2765 304 2814 si.
316 2770 377 2814 unte
387 2763 514 2815 ilsrdnin.
541 2765 596 2816 llos
607 2767 696 2816 mutuo
706 2767 766 2817 sotis
777 2773 813 2818 est
823 2765 908 2818 curui.
936 2767 986 2816 ffle
997 2766 1105 2816 tretilius
1116 2765 1178 2817 vet.
1191 2763 1280 2815 iisieu
1298 2762 1363 2814 llse

271 2829 366 2878 mstiib
374 2829 411 2878 sis
421 2835 456 2879 est
466 2831 498 2878 si.
508 2835 622 2888 veltet
637 2830 680 2880 its
691 2831 911 2892 coddllsrduiui,
921 2832 1012 2881 Briso.
1020 2838 1048 2880 et
1060 2827 1144 2880 cutm.
1155 2844 1214 2879 eoru
1225 2827 1286 2878 edd.
1297 2827 1368 2878 llsr·

173 2937 179 2944 .
272 2891 343 2942 duin.
357 2898 380 2941 i.
392 2897 419 2942 Ξ.
430 2897 454 2942 t.
466 2902 494 2943 et
507 2902 617 2944 recenti.
639 2898 765 2946 smmsts's
776 2896 839 2946 Vet.
851 2896 942 2944 Doleo.
965 2893 1104 2958 seminastis
1112 2893 1227 2943 Gronov.
1239 2889 1267 2941 et'
1277 2891 1364 2956 rrrigg.

273 2953 346 3016 Mos,
360 2960 385 3004 st
400 2969 439 3006 res
450 2957 511 3008 Vel.
524 2957 663 3028 Dulce-b
678 2959 739 3011 Vei.
749 2961 844 3011 Dsiee.
854 2961 1024 3010 norme-to
1041 2959 1102 3008 Vei.
1116 2957 1204 3008 Deice.
1220 2957 1365 3022 mederet.

767 3103 876 3155 ΝΟΜ

305 3195 317 3228 ⁶
334 3195 387 3246 llus
394 3194 497 3259 mrsu]
509 3191 552 3246 sie
562 3196 627 3260 neg.
635 3199 661 3248 2
672 3202 701 3247 st
712 3195 797 3248 enini.
836 3198 952 3248 iicon-⁴
963 3197 1027 3248 Cum
1038 3197 1238 3264 qusdringeutos
1247 3193 1366 3260 remiges.

274 3269 305 3320 ln
324 3271 400 3323 editis
418 3285 564 3338 perperam,
577 3270 638 3323 Her
657 3273 798 3324 tssiiiiuest
836 3271 930 3336 iuquit,
949 3271 975 3321 in
993 3287 1041 3322 sus
1055 3275 1137 3324 eissss
1148 3273 1226 3325 cuius
1242 3271 1366 3336 princeps

273 3347 343 3398 sutis.
836 3346 945 3397 nuberet
965 3349 1014 3398 sibi
1031 3347 1212 3414 obsequentes,
1228 3347 1366 3412 pisciculus

305 3429 316 3454 ⁰
334 3421 389 3470 Csii
397 3421 523 3485 prist-ipis]
540 3423 672 3486 Csiiquie.
696 3426 740 3474 De
751 3423 800 3476 As·
838 3429 930 3472 eoutrs
941 3423 1003 3474 iilud
1014 3424 1163 3489 obsequium
1172 3423 1329 3484 intercessit,
1337 3429 1367 3475 et

275 3503 333 3544 ture
342 3504 368 3544 st
381 3494 460 3544 Antio
472 3512 514 3546 ιιι.
526 3503 550 3547 s.
567 3499 608 3548 ile
618 3501 668 3550 boe
679 3501 747 3550 iliius
757 3517 798 3553 η.
838 3497 949 3547 οιιιιιὶιιιιι
960 3498 1072 3548 studium
1083 3497 1195 3547 reddidit
1205 3503 1366 3546 emortuum:

274 3570 330 3620 dito
340 3569 366 3619 iu
375 3569 482 3630 Urbem,
493 3579 520 3621 et
531 3580 720 3638 postqssusum
729 3591 800 3628 mn.
838 3573 968 3637 siquidem
995 3574 1064 3624 iliius
1091 3573 1291 3639 quinqueremis,
1315 3586 1367 3636 qus

274 3661 327 3697 sens
339 3660 403 3696 usce
415 3647 438 3696 ei
449 3647 531 3709 iilsts,
541 3647 679 3699 Suetonius
690 3651 715 3699 io
727 3651 799 3716 Cslc,
839 3647 965 3711 Princeps
986 3648 1134 3703 redebetur,
1147 3662 1284 3712 progressu
1305 3647 1368 3696 inbi-

276 3726 384 3784 esp.tii.
840 3721 904 3786 bito,
937 3730 1033 3773 eeterre
1061 3724 1136 3773 simui
1163 3722 1369 3772 detinebunturs

305 3797 318 3832 i
334 3797 392 3848 Sss's
406 3797 472 3860 telis]
493 3796 752 3850 ‘Potentissimurum
770 3799 798 3850 ii.
840 3795 936 3860 quippe
947 3799 1054 3848 comites
1064 3799 1257 3866 quinqueremis
1268 3797 1368 3847 l’risrei·

275 3869 421 3922 bessorum’
439 3886 541 3924 snorum
557 3873 627 3934 telis,
645 3872 800 3937 'persiceto-
840 3871 915 3938 pslis.
948 3873 1024 3926 Quod
1044 3872 1211 3935 situmque
1231 3871 1368 3922 verisimile

275 3962 383 4013 rumque
395 3947 534 4011 eferunt:
555 3947 639 4011 iuquit
655 3948 801 4014 Suetonius,
830 3955 892 4011 est,
906 3948 931 3998 iu
944 3963 974 3997 es
985 3947 1067 3998 eissse
1080 3949 1185 4012 reliqum
1200 3947 1328 4005 triremes,
1339 3953 1368 3996 et

276 4037 333 4084 esp.
345 4029 385 4074 56.
841 4023 917 4072 rernis
928 4023 1033 4086 siugulis
1044 4024 1164 4088 quaterni
1175 4023 1285 4087 remiges
1294 4022 1369 4072 sttui.

308 4106 319 4131 ²
336 4095 578 4160 Qnrdrisgustorsss]
593 4097 711 4148 Totidem
724 4100 801 4151 remis
841 4101 908 4166 buti,
929 4101 1046 4152 constitit
1063 4115 1095 4153 es
1117 4101 1266 4152 triremibus
1283 4099 1368 4150 omnis

278 4181 361 4224 uctsm
373 4175 457 4224 ussine
472 4189 529 4225 erm
549 4171 644 4225 cecinit
657 4167 734 4224 Silius
746 4175 800 4225 its·
842 4178 948 4241 trigints
959 4175 1067 4228 dusbus.
1100 4173 1125 4226 N
1128 4191 1158 4228 ec
1176 4173 1297 4242 susjorem
1311 4189 1368 4226 esm
