3098 4884
263 359 351 430 turs
525 369 530 378 ‘
627 378 660 428 o.
684 376 805 426 surum
830 373 992 424 succum

267 520 516 607 supradictis!
539 521 630 603 ignes
653 523 750 586 ctiam
775 527 911 585 sacros¹
931 517 1019 584 tollit
1033 535 1107 582 cnm
1130 521 1214 618 ruta,
1229 521 1353 600 myrto·

267 642 342 708 que,
357 630 393 686 et
407 627 522 686 aceto:
543 621 690 704 itemque
702 620 877 705 pemiones
891 639 966 684 cum
982 625 1090 702 myrto
1106 625 1155 656 ¹⁶·
1176 624 1209 681 et
1223 637 1309 682 cern.

304 707 457 788 ‘xxxvu
477 719 579 807 (vu.)
601 722 770 788 Invenitur
792 723 826 786 in
844 721 1035 804 argentariis
1052 719 1197 784 metallis
1216 717 1356 781 minium

269 845 418 910 quoque,
443 830 478 889 et
499 843 586 888 nunc
612 823 699 888 inter
722 825 890 907 pigmenta
917 841 1046 905 magnae
1074 819 1292 896 auctoritatis,
1318 826 1358 882 et

270 927 437 1011 quondam
458 926 548 1010 apud
574 924 746 990 Romanos
769 944 835 990 non
860 924 968 988 solum
986 923 1155 996 maximae,
1176 920 1356 984 sedetiam

270 1049 389 1096 sacrae.
431 1027 611 1093 Enumerat
626 1031 779 1092 auctores
793 1025 947 1103 Verrius,
963 1025 1086 1108 quibus
1098 1023 1230 1087 credere
1242 1022 1287 1086 sit
1298 1039 1359 1084 oe-

271 1149 379 1204 cesee,
402 1129 503 1195 Jovis
526 1125 656 1212 ipsiusb
678 1129 846 1193 simulacri
868 1127 988 1193 faciem
1008 1127 1127 1191 diebus
1146 1124 1242 1188 festis
1256 1123 1359 1186 minio

271 1231 354 1295 illini
378 1227 525 1306 solitam,
550 1229 901 1313 triumphantumqne⁰
922 1246 1083 1311 corpora:
1106 1226 1156 1290 sic
1180 1223 1358 1288 Camillum

272 1329 506 1414 triumphasse.
550 1329 629 1395 Hac
643 1330 805 1413 religione
824 1331 927 1395 otiam
949 1347 1035 1394 nunc
1052 1327 1132 1392 addi
1145 1327 1180 1390 in
1192 1335 1362 1407 unguenta

199 1451 202 1460 ’
271 1451 379 1497 coenae
393 1430 612 1514 triumphalis,
627 1439 662 1496 et
676 1449 698 1496 a
712 1432 907 1496 censoribus
921 1431 1072 1514 inprimis
1085 1429 1108 1492 J
1111 1447 1208 1494 ovem
1222 1425 1363 1491 minian-

273 1532 352 1597 dum
373 1533 489 1597 locari.
532 1531 636 1616 Cujus
660 1533 710 1598 rei
735 1542 896 1598 causam¹
928 1532 1083 1615 equidem
1112 1530 1232 1594 miror:
1256 1545 1364 1612 qnan-

274 1652 373 1716 qnam
388 1639 423 1698 et
439 1633 538 1697 hodie
559 1633 595 1697 id
616 1633 729 1716 expeti
750 1640 885 1699 constat
907 1631 1130 1715 AEtbiopum¹¹
1152 1630 1295 1713 populis,
1312 1635 1365 1692 to-

274 1742 395 1818 tosque
409 1753 451 1798 eo
473 1734 577 1816 tingui
596 1753 759 1817 procerus,
772 1735 926 1818 huncque
948 1735 996 1798 ibi
1012 1733 1162 1798 Deorum
1178 1730 1365 1796 simulacris

276 2020 304 2062 et
316 2011 403 2062 Editio
418 2011 556 2076 princeps;
576 2014 701 2077 designaut
717 2015 750 2064 sl.
764 2021 824 2063 aute
844 2014 1024 2064 Brutina-itt
1042 2011 1109 2061 Edd.
1121 2017 1181 2062 aute
1192 2010 1293 2059 Brotier
1303 2023 1368 2074 sayr-

276 2076 524 2206 t's'lsngto'lsbffl‘rto,
544 2076 603 2142 lege
616 2085 713 2143 murteo
747 2077 820 2141 Mox,
838 2085 863 2129 st
878 2093 942 2138 cers,
958 2082 981 2128 et
1001 2077 1121 2127 abdomine
1142 2077 1195 2127 lis.
1212 2075 1294 2132 aliud:
1313 2087 1367 2122 nun

776 2271 882 2324 NO'l'AE

310 2395 322 2429 t
340 2387 478 2451 Tutunus
489 2389 622 2452 emplastris
638 2403 709 2451 supro
719 2387 803 2450 dictu]
845 2393 943 2450 myrtus
955 2390 1075 2438 usuvenit
1086 2403 1132 2452 pso
1144 2394 1252 2450 myrteo.

281 2459 395 2523 Nempe,
404 2476 467 2525 quas
481 2463 576 2526 liparas
593 2470 692 2522 vocant,
704 2461 737 2512 de
748 2462 805 2528 qui·
875 2461 972 2511 bJosis
982 2463 1068 2527 ipsius]
1085 2464 1184 2514 Plinius
1200 2463 1268 2512 idem
1287 2473 1370 2510 xxxv.

280 2535 464 2600 buscapsnp.
478 2535 599 2588 diximus.
845 2543 887 2591 tt.
903 2539 1014 2604 effigiem
1034 2541 1108 2594 Josis
1134 2542 1172 2592 ait
1194 2542 1220 2590 in
1242 2538 1372 2602 capitolio

312 2617 323 2643 ¹
339 2611 411 2673 isses
422 2612 494 2662 elisas
504 2612 593 2675 muros]
605 2611 646 2663 Ad
654 2613 806 2663 medendum
846 2616 959 2667 dicatam
977 2634 992 2666 s
1011 2617 1102 2667 Prisco
1112 2617 1251 2681 Tarquinio
1265 2614 1373 2666 fictilem

281 2685 340 2736 lrnic
368 2687 456 2738 morbo
481 2702 596 2751 spumam
622 2691 724 2754 argenti
750 2703 807 2740 cnm
846 2687 936 2753 fnisse,
952 2700 980 2742 et
999 2693 1058 2742 ideo
1076 2691 1178 2742 miniari
1192 2691 1301 2742 solitam.
1331 2689 1373 2738 ils

280 2775 358 2813 succo
375 2777 507 2828 porrorum
532 2759 682 2815 betarumue
701 2765 809 2816 adhibet
847 2767 942 2817 ceteris
954 2767 1013 2817 Diis
1026 2767 1161 2825 Arnolrios,
1173 2768 1216 2818 lib.
1228 2781 1268 2816 vs.
1283 2773 1374 2816 eontra

281 2837 379 2888 llreod.
391 2840 538 2890 Priscianus
548 2854 568 2889 s.
577 2844 619 2890 ¹1.
847 2850 952 2906 gentes:
977 2841 1068 2891 ‘Inter
1091 2845 1161 2893 Deos
1182 2842 1297 2892 videmos
1319 2855 1375 2891 sss·

316 2921 327 2948 ¹
345 2915 405 2964 Cum
414 2914 705 2980 murlo[ssyrts's]vetus
716 2917 808 2968 Doleo.
850 2925 902 2966 tros
920 2918 999 2968 leonis
1016 2918 1187 2968 torvissimam
1205 2916 1312 2978 faeiem,
1323 2931 1376 2966 me·

284 2987 377 3048 codes,
391 3004 444 3038 curs
453 2997 540 3055 usuris,
556 2991 603 3042 lroc
619 3001 669 3053 est,
680 3007 738 3042 cum
752 2993 809 3043 oleo
849 3009 878 3044 ru
888 2995 994 3045 oblitam
1007 2993 1239 3056 minio‚etnomine
1249 2991 1377 3058 Frugiferi

285 3072 402 3129 myrtum
423 3080 480 3128 qua
497 3066 571 3116 nobis
590 3067 713 3118 sincerior
731 3071 810 3120 multo
851 3069 1009 3134 nnucupart!
1050 3069 1128 3132 Apud
1150 3068 1295 3132 Virgilium,
1320 3069 1376 3116 Psu

285 3140 412 3203 scriptura
433 3141 555 3192 uidetur:
578 3143 645 3207 qnod
668 3145 760 3194 Celsus
784 3159 812 3196 v.
851 3144 997 3208 sanguineis
1014 3144 1083 3194 eboli
1102 3143 1187 3193 buccis
1203 3157 1234 3192 ac
1248 3141 1324 3192 minio
1336 3157 1379 3193 ru·

287 3220 326 3265 tu.
344 3216 483 3267 inionibus
501 3217 572 3268 hisee
588 3219 813 3284 emplastrismyr·
853 3218 907 3269 bet.
1227 3281 1231 3290 Ι

287 3293 465 3356 tentnpsriter
481 3294 565 3342 oleoso
582 3295 698 3348 asciscit:
716 3297 814 3347 ‘Lenis
884 3301 895 3327 ⁰
923 3291 1174 3358 itiumptartumquae]
1203 3293 1246 3345 Ju.
1270 3295 1379 3345 'l'aetses

286 3381 387 3432 quoque
398 3367 533 3432 quaedam
549 3369 642 3434 inquit,
659 3372 815 3435 ‘emplastra
855 3367 965 3419 chilias.
975 3382 1040 3418 xrrt.
1053 3369 1122 3418 liist.
1134 3373 1192 3418 tol.
1200 3383 1237 3419 ss.
1247 3372 1287 3420 tt.
1297 3365 1379 3419 'onas

288 3448 357 3503 sunt,
368 3457 431 3507 quas
449 3443 550 3508 auspi:
566 3443 621 3495 iere
632 3445 720 3496 Graeci
734 3445 814 3496 numi·
855 3443 897 3494 sls
912 3444 1096 3507 θριαμβεύσαντα
1111 3445 1237 3509 χρίσαντες
1247 3445 1380 3512 κινναβάρει

288 3515 369 3579 usnt‚'
388 3521 437 3568 &a
471 3521 506 3568 lit
523 3535 601 3570 mox:
617 3520 694 3571 ‘ntia
713 3537 815 3585 compo·
850 3521 883 3569 *Η
901 3519 940 3570 καὶ
951 3521 1070 3584 armilla
1086 3521 1112 3571 ll
1126 3521 1164 3584 lo·
1179 3520 1381 3585 Ιρματαρῐατασι.

288 3593 348 3643 sitio
360 3595 462 3657 generis
477 3596 608 3660 ejusdem:
626 3611 694 3646 cere
706 3614 815 3663 ...spu-
859 3598 977 3655 Quomodo
994 3599 1189 3663 triumphaturum
1202 3599 1320 3650 illisestes
1336 3602 1381 3652 ras'·

290 3684 338 3720 ma
361 3672 472 3732 sugenti,
494 3671 591 3735 plumbi
610 3673 780 3724 recrementi.
790 3709 796 3724 .
808 3707 816 3724 .
854 3675 905 3730 sio.
917 3673 952 3722 rel
962 3673 1110 3737 sinopids,is
1118 3689 1213 3724 eurraas
1223 3675 1350 3739 imporat.

290 3745 556 3809 ciciniuleictmysti.
570 3747 725 3808 singulorum
738 3749 816 3800 heml-
885 3745 897 3780 ¹¹
922 3748 1070 3813 AEtlsiopum]
1095 3749 1181 3797 Simile
1199 3757 1239 3798 est
1260 3752 1325 3814 quod
1348 3752 1382 3802 ds

291 3820 350 3872 nse?
382 3819 549 3887 iterumque:
567 3822 730 3886 ‘Emplastra
749 3825 815 3889 ejus·
856 3823 948 3873 Gothis
961 3823 1041 3874 refert
1052 3825 1175 3890 Isidorus,
1185 3827 1258 3890 Orig.
1269 3841 1328 3878 11¹.
1340 3834 1381 3881 28.

291 3899 350 3948 dem
371 3898 471 3962 generis
489 3896 522 3946 sd
541 3897 687 3946 leniendum
705 3907 816 3962 apta...
856 3899 1011 3951 ‘Nonnullae
1033 3901 1110 3950 etiam
1126 3910 1215 3964 gentes
1232 3917 1282 3953 uon
1302 3905 1383 3956 solunt

291 3974 379 4024 Cersti
395 3985 428 4021 ea
448 3974 505 4022 oleo
522 3980 623 4036 myrteo
638 3970 701 4023 tucri
765 3975 817 4027 lint
859 3976 885 4024 in
898 3977 1023 4039 uestibus,
1033 3977 1077 4026 scd
1089 3985 1116 4025 et
1134 3979 1159 4025 in
1175 3992 1284 4041 corpore
1296 3982 1383 4046 aliqua

291 4065 388 4115 spumas
399 4047 518 4112 argent&
531 4052 579 4099 &u
606 4048 644 4099 Ut
653 4049 758 4100 nardum
772 4066 818 4114 pru
861 4053 911 4103 sibi
923 4057 1025 4118 propris
1037 4055 1110 4119 qussi
1126 4053 1233 4117 iusignia
1244 4056 1383 4122 vindicant,

292 4125 399 4175 nardino
411 4126 479 4190 olco,
496 4125 597 4192 aliaque
615 4125 715 4183 similia,
730 4129 822 4180 scebro
861 4137 891 4180 ut
903 4130 1018 4180 videmus
1031 4131 1112 4180 cirros
1122 4130 1316 4190 Gennanornm.
1327 4147 1384 4198 gra·

292 4200 414 4265 usurpari
437 4201 500 4250 alias
527 4199 713 4258 admonuimus,
738 4201 775 4251 sic
794 4211 822 4252 et
862 4219 907 4256 uos
919 4213 946 4256 et
958 4207 1079 4258 cinnabar
1090 4205 1252 4258 Gothorum?
