3136 4900
547 385 633 435 rur.
656 385 753 436 uter.
777 386 851 434 nra.
874 385 975 436 xxx.
996 371 1053 438 53.
1092 387 1093 390 ’
1252 374 1339 440 4135

249 533 392 597 Pulvere
405 550 424 595 e
435 529 576 612 vestigio
589 530 742 612 anguium
752 530 905 607 collecto,
921 549 1053 614 sparsus
1069 549 1151 614 apes
1166 531 1200 595 in
1215 532 1339 598 alvos*

248 633 378 698 reverti.
401 630 528 695 Arietis
542 630 685 694 dextro¹¹
709 635 795 693 teste
809 630 984 714 praeligato
995 649 1076 696 oves
1091 637 1217 697 tantum
1238 634 1337 715 gigni.

250 732 330 798 Non
344 733 488 796 lassari·⁵
509 732 542 794 in
556 731 625 795 ullo
640 731 761 806 labore,
784 731 844 815 qni
867 750 988 796 nervos
1000 751 1045 795 ex
1060 734 1122 797 ulis
1136 742 1171 797 et
1185 735 1334 798 cruribus

248 832 337 915 gruis
352 832 509 896 habeant.
540 830 654 896 Malas
669 850 735 894 non
750 832 935 909 calcitrare,
951 851 1028 897 cum
1044 833 1160 898 vinum
1178 834 1338 898 biberint.

247 932 401 1015 Ungulas
423 938 574 998 tantum'
606 934 766 998 mularum
795 939 954 1014 repertae,
985 953 1092 1017 neque
1114 934 1214 999 eliam
1236 936 1338 1000 ullam

248 1033 446 1112 materiams
463 1051 539 1116 qum
562 1051 627 1098 non
650 1032 878 1116 perroderetur
899 1052 921 1097 a
943 1053 1066 1098 veneno
1087 1035 1201 1118 Stygis
1226 1055 1336 1119 aquae,

249 1153 325 1197 cum
340 1134 375 1197 id
390 1134 534 1197 dandum
550 1133 741 1198 Alexandro
757 1133 883 1222 Magno
899 1132 1078 1218 Antipater
1096 1137 1254 1212 mitteret,
1271 1157 1337 1200 me-

248 1235 355 1298 moria
367 1234 572 1316 dignumst,
588 1253 709 1314 magne
722 1232 937 1298 Aristotelis'
949 1234 1086 1300 infamia
1097 1237 1336 1318 excogitatum.

251 1333 284 1397 N
287 1353 349 1399 unc
363 1334 407 1399 ad
419 1335 579 1418 aquatilia
594 1341 804 1400 revertemur.

706 1510 750 1531 000
753 1509 853 1531 eonon
856 1511 884 1530 u

250 1626 363 1674 Gronov.
374 1630 402 1674 et
418 1624 451 1673 el.
464 1628 578 1674 vett—d
596 1624 640 1674 Ite
650 1637 683 1673 ex
694 1597 770 1674 codd.
786 1624 936 1674 Haeduinur
948 1631 976 1675 et
988 1631 1097 1675 receuti.
1121 1626 1147 1674 ia
1156 1625 1260 1675 ulemriu
1271 1625 1338 1676 Grn-

251 1704 309 1738 nnr.
319 1696 345 1737 et
356 1690 387 1737 ιΙ.
399 1695 510 1737 vett—6
528 1689 570 1738 lte
581 1688 657 1738 endd.
668 1687 793 1737 llerdulul
810 1702 867 1738 eum
879 1690 938 1738 edd.
950 1688 1078 1742 Herduin.
1089 1693 1144 1740 m.
1154 1694 1179 1739 t.
1190 1698 1218 1739 et
1228 1696 1340 1740 recentt.

251 1755 307 1802 Nor
317 1755 404 1802 luttere
414 1749 498 1802 chiffl.
523 1755 578 1802 Nor
587 1754 709 1802 lmroere
719 1750 779 1802 edd.
791 1759 856 1802 vett.
865 1762 893 1803 et
904 1753 1020 1804 Gronov.

739 1911 847 1962 ΝΟΜ
889 1935 901 1958 ι
935 1949 939 1958 ,

282 2033 294 2057 “
309 2023 402 2073 Arietis
411 2023 506 2086 dextre]
523 2023 774 2087 Dictumidjamen·
813 2027 870 2073 107.
904 2024 1048 2074 Vitruvium
1069 2023 1338 2086 Rhodiglnntnonle·

250 2103 416 2148 tearum.
746 2101 749 2103 ’
814 2099 1240 2163 geret‚quixxv.ltl.deeepturn
1258 2099 1340 2150 affini-

281 2182 293 2206 '
312 2175 419 2236 Ungula
430 2173 535 2236 tratura]
562 2173 694 2224 Vitruviae
712 2187 775 2225 vrtr.
814 2182 869 2223 tete
880 2187 982 2236 rorum,
1000 2171 1053 2224 drot
1068 2182 1096 2224 et
1112 2171 1215 2235 ἡμίονος,
1226 2175 1338 2224 Plinium

250 2255 273 2300 8.
291 2265 315 2313 p,
327 2254 383 2299 1⁶³.
393 2251 401 2277 ‘
411 2251 459 2299 Eat
476 2250 503 2299 in
518 2249 632 2299 Arcadia
648 2251 774 2299 Nonacri·
814 2249 966 2300 arbitretur.

247 2326 381 2374 nominata
393 2332 468 2373 terrm
487 2324 569 2386 regin,
586 2339 643 2387 qure
658 2324 737 2373 ltabet
749 2325 774 2376 in
846 2334 863 2359 ⁸¹
880 2323 1028 2386 Aristotelia]
1049 2323 1101 2375 Qui
1121 2331 1213 2374 auctet
1232 2323 1339 2388 Antipe-

250 2398 379 2449 rrnntibur
390 2413 404 2447 e
415 2412 478 2447 rnre
494 2399 623 2447 stillanter
639 2397 775 2461 frigidiani·
815 2407 856 2448 tro
868 2413 974 2462 regnum
987 2395 1121 2447 affectanti
1131 2395 1209 2447 fultae
1222 2398 1340 2461 pernibe-

251 2487 304 2523 mnr
314 2474 441 2521 humaret.
461 2472 527 2522 Hac
538 2480 624 2521 eutem
636 2487 704 2536 aqna
714 2476 773 2523 Στν-
814 2475 900 2535 betur,
910 2474 949 2523 utl
961 2472 1136 2522 Alexandrum
1150 2487 1182 2522 eu
1193 2461 1285 2522 'veneni
1297 2489 1340 2537 ge.

251 2547 295 2608 yle
304 2547 362 2609 ὕδωρ
374 2548 534 2608 nominatum
551 2561 626 2611 quem
637 2562 722 2612 neque
734 2564 774 2597 er·
815 2563 875 2598 nere
887 2549 999 2598 tolleret.
1018 2548 1096 2611 Nam,
1108 2554 1136 2596 nt
1147 2547 1244 2597 dietum
1255 2557 1297 2597 ert
1309 2563 1340 2598 tt.

251 2634 460 2689 ‘murmureque
476 2639 587 2686 eneam,
597 2639 682 2688 neque
691 2624 773 2674 ferre·
816 2628 871 2673 1⁰6.
891 2637 958 2688 eque
973 2620 1029 2670 ltere
1049 2621 1134 2683 ‘peta
1155 2621 1225 2671 illice
1248 2623 1340 2673 necet:

251 2713 293 2748 nm
304 2713 348 2748 ver
360 2706 448 2763 putent
457 2698 601 2747 institeret
617 2698 662 2747 red
672 2697 775 2760 dissilit,
815 2699 881 2748 Vide
891 2696 1057 2747 Plutarchum
1066 2696 1115 2744 loe.
1127 2696 1174 2745 eit.
1182 2704 1211 2746 et
1222 2697 1339 2746 curtium

251 2783 278 2823 et
287 2773 435 2836 dirripatnr.
453 2774 612 2824 cnurerrere
623 2783 774 2825 autemeam
814 2773 858 2822 lib.
870 2785 898 2821 x.
916 2770 967 2821 Sed
978 2783 1079 2818 rumore
1090 2769 1115 2818 id
1127 2769 1192 2820 fatre
1203 2772 1341 2835 jactatum,

251 2856 279 2897 et
294 2849 430 2898 continere
448 2847 509 2896 nihil
526 2848 595 2897 eliud
613 2858 711 2912 putent,
726 2851 774 2899 nlei
815 2863 845 2899 ec
862 2849 921 2896 vino
940 2847 1025 2910 potiar
1043 2852 1122 2910 etque
1133 2846 1262 2896 ebrietate
1273 2848 1339 2910 peri·

238 2924 347 2973 ‘maline
365 2924 475 2985 ungule:
507 2923 550 2972 De
570 2925 665 2988 equina
680 2927 775 2988 ungule
814 2925 864 2973 lere
883 2919 1071 2982 Alexandrum,
1089 2920 1245 2971 comtentier
1261 2923 1341 2972 luml-

252 2998 392 3048 Peruenit·
409 2996 435 3046 id
447 2997 534 3062 prodit
549 2999 575 3047 in
593 2999 689 3049 Areed.
713 2999 774 3050 Plu·
814 3014 874 3049 num
886 2997 972 3063 opinio
982 2993 1040 3045 tutu.

253 3074 357 3126 tareltua
375 3073 406 3122 de
423 3073 532 3136 minine,
545 3073 573 3124 ln
589 3071 738 3124 Alexandro
749 3091 774 3140 p.
