3136 4900
255 395 343 460 4108
553 410 562 467 1
623 410 656 460 o.
683 410 801 458 ιιιιιιι
825 409 987 460 suouunr

256 565 292 614 et
314 549 410 616 nitro
455 547 694 616 cantuariensi
711 571 786 618 cum
807 570 875 617 uve
894 552 1030 618 taminia
1051 553 1171 619 intritae
1185 553 1346 620 exedunt:

255 652 313 716 sed
335 651 384 717 ite
405 672 519 716 eronus
539 653 627 729 aliis,
640 673 718 736 quoe
737 653 781 718 nd
801 652 1013 736 persananda
1025 654 1138 719 ulcere
1151 656 1347 719 monstravi·

256 771 341 829 mus,
357 756 465 818 curari
482 761 623 838 oportet.

300 869 412 918 xxiv.
427 854 501 938 (x.)
525 855 624 920 Nune
634 859 829 919 revertemur
844 854 886 918 nd
901 875 952 934 en,
965 874 1041 940 quae
1055 855 1138 920 totis
1154 856 1349 938 corporibus

254 955 429 1020 metuende
454 963 542 1020 sunt.
599 955 657 1020 Fel
683 957 778 1020 cenis
804 957 887 1038 nigri
911 956 1052 1020 musculi
1077 958 1251 1020 amuletum
1272 971 1348 1020 esse

254 1057 342 1137 magi
365 1057 482 1122 dicunt
504 1057 622 1122 domus
644 1058 758 1133 totius,
774 1055 891 1122 suffitus
911 1075 953 1122 eo
976 1055 1216 1140 purificataeve,
1232 1063 1349 1122 contre

254 1159 368 1222 omnia
388 1159 477 1223 mule
499 1158 747 1222 medicamenta.
792 1157 877 1222 Item
900 1159 1059 1240 sauguine
1076 1159 1170 1221 cunis
1184 1158 1348 1241 respersis

254 1258 449 1340 perietibus,
464 1259 663 1343 genitaliqne
678 1259 753 1342 ejus
768 1260 831 1324 sub
846 1259 957 1323 limine
966 1260 1080 1343 jannes
1095 1258 1243 1338 defosso·
1281 1259 1348 1324 Mi·

253 1376 318 1424 nus
346 1360 501 1428 mirentur
524 1361 601 1439 hon,
624 1363 683 1444 qui
713 1362 826 1426 sciunt
849 1360 1069 1426 soedissimum
1094 1359 1287 1424 animalium
1312 1361 1348 1424 iu

252 1467 414 1544 quantum
443 1462 657 1546 magnificent
684 1463 838 1541 ricinum,
863 1463 1022 1547 quonium
1053 1457 1132 1524 uni*
1160 1460 1272 1525 nullus
1302 1462 1349 1526 sit

254 1563 366 1626 exitus
392 1564 529 1647 sagium,
555 1583 618 1629 neo
648 1563 725 1628 finis
753 1561 861 1629 ulin¹¹
887 1573 988 1648 quem
1013 1571 1131 1641 morte,
1158 1563 1285 1628 diutius
1310 1561 1347 1626 in

252 1661 341 1727 same
356 1664 494 1728 viventi.
538 1663 696 1748 Septenis
711 1665 759 1728 ite
773 1664 894 1728 diebus
909 1665 1066 1729 durasse²
1081 1665 1234 1729 trudunt:
1258 1670 1292 1728 at
1312 1664 1348 1727 in

253 1764 405 1828 sotietate
424 1765 646 1849 paucioribus
671 1764 868 1830 dehiscente
915 1765 1019 1830 Hune
1041 1785 1084 1830 ex
1109 1784 1191 1830 nure
1212 1763 1347 1828 sinistre

253 1865 348 1928 nanis
370 1884 486 1930 omnes
507 1866 639 1930 dolores
660 1867 777 1932 sedare
799 1866 1024 1949 adalligatum.
1067 1867 1217 1931 Eundem
1239 1865 1271 1928 in
1287 1883 1346 1929 nu·

253 1967 346 2047 gorio
364 1967 523 2032 -vituliurn
546 1967 679 2034 hubent.
735 1969 770 2034 N
772 1990 825 2034 nm
852 1970 882 2034 si
906 1989 994 2050 aeger
1013 1972 1044 2032 ei
1066 1968 1264 2052 respondent
1286 1967 1345 2050 qni

252 2067 409 2145 intulerit,
426 2088 448 2133 n
469 2068 612 2153 pedibus
634 2070 734 2135 stanti
758 2070 1035 2152 interrogantique
1051 2070 1093 2133 de
1108 2069 1236 2143 morbo,
1252 2085 1345 2148 spem

253 2170 331 2234 vitre
348 2177 470 2234 certem
485 2189 580 2235 esser
600 2172 791 2236 moriturum
807 2170 886 2235 nihil
906 2169 1117 2253 respondere.
1162 2166 1346 2250 Adjiuiuut,

252 2279 290 2334 ut
315 2270 477 2334 evellatur
499 2291 542 2336 ex
568 2291 648 2335 aure
671 2271 759 2336 laeve
781 2270 884 2348 uenis,
906 2270 961 2334 cui
984 2289 1050 2333 non
1077 2269 1122 2334 sit
1140 2268 1225 2332 nlius
1244 2285 1345 2350 quern

251 2371 344 2452 niger
366 2371 468 2435 color.
514 2367 673 2452 Nigidius
695 2369 833 2453 sugere⁴
847 2376 919 2437 totn
941 2371 995 2434 die
1010 2389 1110 2434 cenes
1124 2372 1345 2450 conspectum

253 2474 337 2556 ejus,
354 2475 412 2557 qui
428 2494 447 2538 e
463 2493 525 2538 sue
540 2474 574 2538 id
587 2473 710 2539 animal
723 2473 887 2550 evellerit,
903 2474 1064 2556 scriptum
1078 2471 1221 2553 reliquit.
1256 2469 1345 2534 Rur-

252 2595 313 2639 sus
336 2574 424 2658 megi
447 2574 591 2653 tradunt,
606 2574 795 2657 lymphatos
817 2574 988 2654 sanguinis
1011 2574 1113 2656 inlpne
1136 2589 1275 2654 aspersu
1293 2591 1345 2634 re-

252 2675 430 2757 sipiscere:
456 2693 516 2739 ees
537 2693 629 2752 vero,
652 2675 710 2758 qui
733 2674 945 2737 nunctumis
965 2674 1045 2737 Diis
1063 2671 1254 2755 Faunisque
1275 2671 1344 2753 ugi-

250 2781 369 2854 tentur,
390 2775 546 2840 draconis
567 2773 689 2858 lingue,
711 2778 744 2838 et
765 2773 873 2837 oculis
900 2780 934 2837 et
956 2773 1030 2838 felle
1054 2772 1287 2855 intestinisque
1306 2772 1343 2849 in

250 2877 331 2956 vino
355 2882 389 2939 el
410 2878 487 2941 oleo
508 2877 669 2952 decoctis,
684 2894 726 2941 ec
748 2877 813 2939 sub
836 2876 892 2940 dio
912 2880 1014 2940 unuln
1031 2874 1255 2956 refrigeretis,5
1270 2891 1344 2956 per·

251 2983 370 3077 unctos
386 2978 555 3041 matutinis
569 2977 842 3076 vespertinisque
859 2976 1002 3042 liberari.

295 3090 393 3141 xxv.
426 3077 704 3142 Perfrictionibus
732 3078 881 3144 remedio
906 3098 981 3143 esse
1012 3076 1114 3142 tradit
1143 3073 1343 3144 Nicander¹¹¹

283 3389 350 3438 Cre.
367 3401 446 3438 xxiv.
479 3396 492 3440 l
512 3390 577 3442 Cori.
599 3390 689 3441 Deire.
705 3393 801 3454 uliqrer
817 3389 879 3439 Vei.
893 3389 1021 3452 ejusdem,
1038 3387 1153 3436 olim-i
1170 3383 1232 3434 Vet.
1248 3385 1343 3435 Deles.

246 3453 393 3578 mla-⁸
411 3453 476 3506 cod.
488 3455 579 3505 Deles.
605 3456 761 3520 deficere-l
777 3452 861 3504 Ciriiii.
870 3453 1011 3514 serere-5
1029 3449 1102 3500 Idem
1114 3450 1206 3510 under,
1216 3455 1282 3498 nerle
1290 3449 1342 3510 srr‘-

746 3613 853 3664 NOTAE

278 3724 288 3768 l
306 3721 473 3787 Gwlrrider]
492 3723 632 3774 Marcellus
643 3727 776 3791 Ennius.
814 3727 848 3775 <le
863 3722 1055 3787 rmnhisbaeunr
1078 3721 1106 3768 ‘li
1124 3719 1144 3768 δ’
1165 3717 1254 3776 luituri
1273 3718 1340 3781 Ῥινῷ

250 3806 291 3854 19.
303 3815 329 3866 p.
343 3805 399 3850 129.
814 3799 997 3862 emulemur,
1015 3797 1051 3846 tr·
1068 3797 1095 3845 ir
1108 3793 1340 3860 wiremuthensi

282 3875 294 3910 ⁸
307 3878 424 3933 Quonim
431 3876 484 3940 uni]
495 3876 560 3926 line
567 3877 705 3940 explrnrte
713 3876 775 3928 ube·
815 3877 911 3926 Μόλιαι
923 3871 1089 3938 herodiorum
1100 3869 1341 3932 hennentonam.

249 3954 406 4002 riurxr.l⁰.
813 3969 869 4009 rer,
878 3969 900 4000 κ.
911 3967 936 4000 r.
945 3959 971 3998 λ.
1004 3945 1342 4008 Sieplrrr'truillol’rlleeeu

282 4024 288 4076 i
311 4027 363 4074 Nee
376 4025 439 4090 finis
458 4023 520 4087 eliu]
534 4025 605 4086 sire,
623 4025 682 4075 linis
701 4025 774 4078 elinr.
812 4021 1340 4091 prmnr,lnreaeemflmtreugm0err-

249 4101 292 4152 Sir
303 4102 379 4149 Mero
391 4101 490 4152 AEneid.
502 4115 534 4151 ιι.
551 4102 559 4129 ‘
570 4099 635 4150 lires
649 4099 707 4151 linis
719 4102 776 4151 Pri·
812 4117 886 4166 geere
895 4115 987 4164 morer,
1003 4103 1026 4149 rt
1042 4098 1114 4146 oleta
1124 4095 1222 4158 frigere
1239 4102 1341 4162 tmperi,

251 4174 440 4228 miserorum)
814 4182 854 4242 qe.

281 4257 298 4286 ¹²
317 4250 450 4314 Nicander]
467 4251 498 4300 lu
510 4250 654 4314 Tireriecir,
665 4264 723 4315 per.
732 4253 774 4302 2⁶.
