3148 4888
276 375 363 442 tacu
640 389 672 434 c.
697 383 817 434 aurun
844 383 1008 434 ancus-ur
1096 365 1108 407 ⁸

277 537 334 620 qui
358 534 402 598 ob
426 532 625 614 legationem
650 535 847 613 acceperant
868 547 998 608 aureos,
1020 529 1053 592 in
1080 517 1217 610 publico
1241 533 1365 590 tautum

276 637 451 700 utebantur
465 634 516 696 his
527 655 534 694 :
547 639 571 670 ¹²
594 632 677 696 intra
692 632 807 697 domos
821 650 900 695 vero
914 631 1038 694 ferreis.
1085 628 1163 706 Quo
1177 633 1369 708 argumento

276 739 374 801 etiarn
390 755 477 800 nunc
489 751 625 817 sponsae
640 733 768 796 muneri
783 732 910 794 ferreus
925 732 1097 794 annulus¹³
1112 730 1258 804 mittitur,
1269 727 1368 810 isque

276 840 348 902 aine
379 855 519 920 gemma.
578 835 742 918 Equidem
770 841 872 898 nec¹⁴
901 832 1017 898 lliacis
1045 831 1249 914 temporibus
1277 828 1367 892 ulios

274 939 380 1003 inisse
401 937 541 1002 annulos
561 937 671 1000 video:
694 955 859 1018 nusquam
881 942 969 999 certe
991 935 1160 998 Homerus
1180 931 1273 1006 dicit,
1289 947 1365 994 curn

275 1045 309 1104 et
322 1038 514 1103 codicillos·
529 1038 709 1101 missitatos
726 1036 945 1120 epistolarum
962 1037 1070 1117 gratia
1090 1035 1224 1109 indicet,
1238 1039 1273 1095 et
1286 1050 1365 1096 corr·

275 1141 362 1205 ditas
378 1139 483 1202 arcis*
506 1144 628 1213 vestes,
647 1157 688 1202 ac
702 1157 787 1203 vasa
803 1146 927 1202 anrea²¹
945 1144 1173 1219 argenteaque,
1189 1141 1222 1198 et
1237 1153 1277 1197 ea
1299 1133 1367 1197 coi·

273 1241 373 1322 ligata
387 1239 474 1314 nodi,
490 1256 553 1301 non
571 1239 693 1317 annuli,
709 1247 829 1304 uota.¹⁵'
862 1241 981 1302 Sortiri
996 1245 1150 1322 quoquev
1165 1243 1277 1300 contra
1291 1253 1367 1317 pro-

239 1345 243 1356 ‘
273 1341 482 1404 vocatiouem
508 1339 609 1402 duces
635 1359 701 1403 non
727 1343 859 1405 annulis
884 1342 992 1424 tradit,
1038 1339 1243 1402 Fabricam'
1265 1337 1364 1400 etiam

273 1441 384 1506 Deum
409 1439 539 1518 fibulas,
562 1448 596 1504 et
621 1441 687 1505 alia
711 1441 883 1505 muliebris
907 1441 1031 1516 cultos,
1055 1440 1143 1502 sicut
1165 1439 1309 1514 inaures,
1330 1437 1364 1497 in

271 1540 453 1623 primordio
469 1541 648 1618 factitasse,
659 1543 727 1604 sine
740 1543 902 1606 mentione
913 1541 1119 1604 annulorum.
1157 1537 1201 1601 Et
1211 1536 1365 1619 quisquis

271 1640 433 1724 primus¹⁶
455 1643 611 1718 instituit,
628 1648 818 1706 cunctanter
839 1643 873 1706 id
899 1641 990 1716 fecit,
1006 1639 1164 1722 laevisque
1183 1637 1365 1713 manibus‚¹

271 1743 521 1828 latentibusque
532 1751 580 1792 ¹⁷5
609 1743 736 1808 induit:
774 1764 859 1824 cum,
890 1745 919 1808 si
947 1745 1054 1806 honos
1079 1750 1212 1805 securus
1239 1739 1364 1811 suisset,

268 2034 331 2084 aerei
340 2033 446 2092 sarturae
465 2039 646 2085 earam-11
665 2037 723 2085 Vat.
741 2039 833 2086 Dalae.
856 2039 927 2086 tertia
944 2037 1140 2086 comitata-ta
1158 2034 1272 2083 Gronov.
1290 2033 1364 2082 iia-

270 2103 301 2148 1³
320 2099 361 2146 ita
378 2097 453 2146 codd.
472 2098 601 2147 Harduiui
619 2108 647 2149 et
665 2099 749 2150 cutffl.
771 2117 860 2165 epam
878 2104 961 2150 anates
972 2101 1069 2160 ferreas
1080 2100 1193 2148 Gronov.
1205 2105 1232 2146 et
1244 2098 1364 2158 sarge-

270 2166 301 2211 lt
319 2161 361 2211 Ira
381 2163 458 2210 codd.
481 2162 606 2212 Harduiui
627 2173 654 2212 et
674 2163 759 2214 chiffl.
779 2181 836 2216 cunr
856 2165 914 2214 edd.
932 2165 1060 2214 Harduiu.
1079 2169 1102 2214 t.
1117 2167 1141 2212 2.
1161 2167 1185 2211 3.
1205 2170 1232 2210 et
1251 2168 1364 2210 reoanrr.

267 2240 359 2287 gemma
375 2231 398 2274 et
415 2226 510 2288 quidem
523 2241 565 2276 see
582 2227 640 2276 aad.
659 2228 750 2279 Datae.
775 2243 876 2290 μιιιιιια.
895 2230 947 2278 Nec
966 2229 1082 2278 Gronov.
1100 2235 1125 2276 et
1138 2227 1283 2288 ordgar-1⁵
1302 2226 1363 2274 Ver.

268 2291 362 2340 Datec.
388 2292 457 2351 nodo,
479 2305 525 2338 ιιιιι
543 2293 613 2340 anuto
634 2297 791 2342 rotate-ld
815 2292 868 2342 aut
891 2307 934 2356 ap.
956 2294 1049 2344 Dslec.
1076 2291 1117 2354 qai
1136 2293 1297 2352 ptisana-lt
1318 2289 1362 2340 Ira

764 2441 871 2491 NOTAE

268 2533 367 2581 annulis
377 2534 499 2584 discrerit
511 2553 525 2585 a
539 2537 645 2586 militum
660 2538 742 2601 arrigo,
752 2537 795 2602 qui
836 2538 881 2586 sed
904 2539 1039 2602 majestate
1062 2538 1280 2588 Praenestinarum
1307 2552 1361 2587 sor·

266 2606 365 2658 ferreos
389 2617 487 2660 tantrun
508 2613 654 2675 gestabant.
695 2612 795 2662 Auctor
837 2611 900 2660 tium
913 2615 1026 2672 territus,
1044 2614 1155 2668 destitit,
1173 2627 1230 2663 curn
1243 2613 1359 2676 obsipa-

266 2681 404 2746 Appianus
416 2687 441 2734 iu
454 2687 547 2736 Punic.
560 2701 585 2748 p.
593 2692 633 2735 6³.
835 2696 874 2736 tas
886 2688 1060 2752 derectusque
1072 2690 1177 2736 Romam
1190 2701 1239 2736 non
1253 2687 1360 2750 reperie-

297 2765 307 2790 ·
325 2757 384 2808 Cam
394 2765 417 2808 st
428 2762 556 2824 codicittas]
576 2762 642 2810 Vide
658 2775 715 2825 quaa
729 2760 794 2810 dixi·
835 2770 875 2812 set
886 2763 912 2811 iu
924 2777 993 2826 arcs,
1005 2764 1052 2812 uisi
1065 2764 1148 2812 reluta
1158 2763 1282 2812 rursussd
1296 2770 1359 2812 tem-

266 2845 322 2881 rnus
337 2843 397 2883 xrrr.
411 2839 451 2883 21.
835 2836 927 2899 ptum!

298 2907 355 2955 ‘Et
375 2910 481 2957 conditos
495 2909 569 2971 ursis]
587 2911 681 2974 Odyss.
692 2915 721 2959 Θ.
735 2914 792 2960 424.
864 2919 881 2942 '
909 2912 1045 2976 Fabricum]
1080 2911 1190 2960 Volcani
1223 2909 1360 2960 officinam.

265 2981 347 3043 Δεΐιριι,
360 2982 437 3042 γύναι,
451 2984 507 3046 φέρι
517 2984 595 3044 χηλὸν
606 2983 732 3048 ὰριπρεπέ,
742 2985 793 3044 iiras
833 2985 909 3035 Iliad.
925 2990 953 3037 Σ.
968 2991 1026 3035 400.
1043 2987 1161 3036 Vnicano
1173 2985 1307 3036 thetidem
1323 2988 1358 3034 al·

265 3055 358 3118 Δρίιη·
371 3057 411 3104 Ἐν
423 3059 444 3104 δ’
456 3059 519 3121 atrp*
528 3059 565 3108 θὲς
581 3061 654 3122 φᾶρος
670 3059 791 3117 ἐϋπλυνὲς,
832 3063 969 3124 loquente:
988 3066 1048 3128 τῇσι
1064 3062 1117 3126 πάρ’
1132 3062 1232 3114 sissima
1241 3063 1359 3126 χάλκευιιιι

264 3129 306 3188 Μ)
316 3133 414 3192 maire.
831 3135 929 3186 δαίδαλα
939 3139 1030 3198 πολλὰ,
1041 3137 1135 3202 Πόρπιιι
1151 3157 1188 3200 re,
1200 3139 1358 3200 meretri*

231 3249 234 3260 ,
297 3207 361 3255 “Aa
381 3221 438 3255 vesu
459 3207 543 3271 eursu]
567 3206 665 3257 Eodem
689 3207 733 3258 tib.
755 3223 791 3257 vs·
831 3211 1333 3278 ἔλιιιαιμιόλιιιιάιτεμιαὶὅρμινι,ιι.τ.λ.

264 3288 321 3334 stu.
334 3291 359 3333 et
371 3289 429 3334 stt.
863 3294 875 3319 ¹
887 3287 1010 3350 Lectaque
1021 3289 1139 3351 munibus]
1155 3289 1234 3339 Silius
1245 3289 1303 3340 trat.
1314 3292 1358 3342 tib.

296 3369 307 3392 '
324 3361 415 3410 Scrtr'ri
425 3363 525 3426 quaem]
541 3362 668 3411 Proaeres
679 3361 790 3411 Graecia
831 3374 882 3410 xrs.
894 3363 925 3410 de
936 3363 1072 3427 Equitibus
1082 3365 1204 3414 Romanis
1217 3365 1249 3415 sd
1258 3368 1358 3417 canusa

261 3435 341 3497 jactis
364 3437 391 3484 in
415 3438 514 3498 galeam
541 3437 653 3486 sortibus
676 3436 790 3501 deligunt
830 3437 914 3497 cresis,
932 3439 1023 3502 quibos
1039 3437 1151 3490 detracti
1166 3439 1240 3490 fuere
1255 3442 1358 3492 annuite

264 3521 338 3572 quem
351 3517 484 3573 opponant
496 3511 602 3560 Hectori
615 3512 684 3574 ipsos
702 3525 791 3578 provo·
832 3513 839 3539 ‘
851 3513 942 3563 Testes
953 3515 977 3563 1ιί
988 3517 1090 3576 stragis,
1102 3531 1165 3581 quos
1176 3518 1274 3580 siguum
1286 3517 1357 3567 itius-

264 3583 335 3631 cauti
347 3583 380 3631 ad
392 3585 522 3647 singulare
542 3594 672 3635 certamen
683 3602 689 3634 :
708 3601 791 3651 neque
832 3595 871 3638 tre
883 3591 999 3652 superbis
1010 3593 1069 3640 itios
1088 3593 1152 3642 tara
1164 3601 1264 3655 gestare
1277 3593 1339 3644 virts
1350 3611 1357 3644 r

264 3657 386 3708 dicuutur
397 3673 434 3707 ere
446 3670 529 3708 serras
541 3661 639 3710 annulis
650 3661 728 3711 tuisse
740 3664 786 3725 sig·
831 3671 884 3712 tum
904 3663 1020 3714 funditur
1037 3675 1097 3716 ante
1113 3667 1167 3716 Ora
1184 3669 1357 3720 admirantum

264 3743 341 3785 narae.
375 3735 448 3784 iliad.
462 3741 490 3785 tr.
502 3739 558 3784 1⁷5.
593 3737 660 3786 Post
675 3751 734 3785 ruane
745 3737 789 3785 ob·
830 3737 1254 3802 periungensannumeraratas.

263 3811 791 3874 tinniantcenseres,grobutrvasnuutrs
863 3813 1083 3878 mutationeque]
1108 3817 1161 3866 Sub
1181 3825 1258 3882 tuga:
1284 3821 1357 3883 quast

263 3887 437 3950 signarentur,
458 3901 509 3950 quo
529 3901 601 3936 suum
620 3887 724 3951 quisque
736 3887 791 3949 dig·
831 3897 994 3953 cunctanter,
1003 3907 1033 3940 ac
1042 3893 1195 3950 verecunde,
1206 3895 1230 3942 id
1242 3893 1340 3946 faceret
1348 3891 1360 3947 ι’

264 3969 392 4011 nosceret.
426 3962 459 4010 Et
476 3975 546 4022 arca,
562 3976 612 4025 qtra
627 3962 790 4010 asservaban-
832 3977 888 4012 uam
907 3965 928 4013 si
946 3974 1051 4016 ornatus
1068 3967 1214 4018 athenaeis
1230 3972 1356 4022 accessio·

264 4043 361 4093 turea,
372 4033 614 4099 anuutoobsi'gnata.
637 4037 791 4086 TestisSue-
831 4053 889 4088 nam
901 4055 933 4090 ea
944 4055 972 4090 re
984 4043 1126 4106 quesierat,
1138 4057 1186 4092 uec
1201 4045 1297 4095 veritus
1314 4062 1356 4096 es·

265 4113 317 4161 tan.
335 4113 360 4159 iu
378 4111 494 4173 Tiberio,
511 4113 585 4160 cut.
602 4109 715 4161 ‘Vicina
725 4113 790 4162 Urbi
829 4123 868 4163 set
882 4116 1105 4178 reprehensionem
1122 4119 1259 4181 proborum
1275 4122 1357 4173 hurni-

264 4184 367 4233 oracuta
380 4186 459 4236 etiem
477 4185 597 4249 disjicere
609 4184 720 4236 'conatus
732 4193 789 4236 ert:
830 4202 900 4254 uuus,
909 4190 999 4240 dextra
1011 4194 1096 4256 patius
1107 4201 1271 4248 ostentasset.
1337 4255 1339 4260 ¹
