3124 4890
531 431 617 479 unr.
641 429 737 480 urar.¹
764 428 833 478 crs.
855 429 973 480 xxrx.
994 415 1047 480 39.
1247 407 1337 482 ludi·

245 581 305 660 pul
323 575 500 640 awllninrz'
523 575 605 639 hano
626 576 735 640 tritam
757 593 825 639 nna
846 592 921 640 cnm
941 589 1082 643 rosaceo
1098 569 1235 638 auribus
1250 575 1332 640 mire

244 677 405 762 prodesse
427 676 553 752 dicuni,
570 676 630 740 scd
653 677 778 752 lanam,
794 695 861 760 qua
880 677 1082 752 incluserint,
1096 684 1176 757 post
1195 675 1331 757 paulum

243 777 493 844 extrahendam.
535 775 714 842 Celerrime
725 786 750 826 ¹⁷
766 779 851 842 onim
866 776 899 840 id
917 778 1041 861 pingue
1056 775 1195 840 transire
1211 777 1245 839 iu
1261 777 1332 840 ani-

243 881 323 956 mal,
348 879 486 961 fierique
511 878 737 942 vermiculum.
780 876 852 942 Alii
879 874 991 941 binasi
1017 883 1167 941 ternasve
1196 877 1231 940 in
1256 879 1333 943 oleo

243 981 402 1045 decoctas
415 977 646 1043 efficacissime
659 979 797 1042 auribus
810 979 933 1042 mederi
948 979 1110 1055 scribunt,
1124 985 1158 1041 et
1180 980 1276 1042 tritas
1298 980 1332 1042 in

243 1080 377 1146 hnleolo
401 1081 526 1164 imponi
550 1081 712 1144 contusis.
757 1079 837 1144 Hoc
859 1098 993 1163 quoque
1018 1079 1142 1143 animal
1163 1079 1247 1143 inter
1270 1099 1331 1162 pn·

243 1179 353 1244 denda
373 1187 445 1243 est:
468 1179 526 1244 sed
548 1187 681 1262 propter
704 1179 951 1244 admirationem
976 1185 1113 1257 naturae,
1134 1180 1331 1262 priscorum·

244 1299 309 1363 que
332 1278 458 1350 curae‚¹⁸
474 1287 579 1342 totum
595 1281 629 1342 in
644 1280 708 1344 hoc
723 1281 799 1344 loco
814 1278 1057 1361 explicandum.
1101 1279 1204 1343 Plura
1217 1279 1330 1344 e'arnm

244 1399 365 1462 genera
385 1380 543 1444 fecerunt.
587 1379 722 1457 Molles,
741 1399 824 1464 quas
845 1381 880 1444 in
902 1380 976 1444 eleo
998 1380 1156 1445 decoctas
1183 1381 1331 1444 verrucis

243 1481 425 1548 efficaciter
444 1482 529 1546 illini
543 1484 672 1564 experri
686 1490 775 1545 sunt.
821 1482 971 1547 Alterum
988 1500 1093 1563 genus
1108 1482 1274 1566 myloecon
1285 1478 1331 1532 ¹⁹¹

242 1583 461 1666 appellavere,
477 1583 567 1646 circa
580 1583 688 1648 melas
701 1583 768 1646 sere
781 1602 930 1647 nascens.
968 1581 1045 1646 Has
1060 1583 1169 1664 capite
1183 1581 1331 1647 deiraoio

244 1685 384 1762 attrilas,
398 1685 508 1767 lepras
529 1703 677 1762 sanasse,
694 1681 814 1750 Musa¹
828 1693 860 1750 et
874 1685 995 1749 Picton
1017 1685 1050 1748 in
1067 1683 1232 1766 exemplis
1255 1683 1331 1748 reli-

242 1791 395 1868 querunt.
431 1783 576 1848 Tertium
593 1804 694 1867 genus
704 1792 724 1820 ¹³
740 1792 773 1850 et
786 1785 898 1849 odoris
909 1785 1173 1861 taedioinvisum,
1187 1791 1331 1850 exacuta

245 1886 444 1962 cinnanum
464 1886 621 1970 pisselaeo
643 1906 763 1951 sanare
785 1885 898 1951 ulcera
920 1887 1006 1951 alias
1021 1886 1232 1964 insanabilia,
1247 1893 1330 1950 stru·

243 2005 328 2064 mas,
349 2006 468 2071 panos,
490 1987 606 2052 diebus
628 1988 742 2070 viginti
764 2008 828 2053 uno
848 1987 1036 2072 impositas,
1057 2005 1229 2070 percussa,
1250 2005 1330 2052 corr-

244 2096 330 2165 rusa,
352 2088 523 2165 cacoethe,
544 2090 704 2167 scabiem,
720 2089 991 2172 furunculosque,
1007 2089 1166 2153 detractis
1187 2088 1330 2172 pedibus

243 2195 277 2254 et
300 2191 427 2272 pennis.
471 2189 546 2254 Nos
567 2190 640 2255 hac
661 2190 760 2254 eiiam
781 2189 933 2256 audita²⁰
950 2189 1148 2254 fastidimus.
1191 2187 1239 2254 Ar
1258 2189 1330 2254 lrer·

242 2290 319 2378 cnle
346 2289 539 2356 Diodorus'¹
564 2301 598 2356 et
622 2293 658 2356 in
680 2293 796 2356 morbo
818 2291 910 2373 regio
931 2297 964 2356 ei
984 2289 1211 2372 orthopnoicis
1235 2309 1272 2354 se
1293 2289 1329 2355 id

244 2389 377 2455 dedisse
402 2390 501 2455 tradit
524 2409 599 2456 curn
625 2392 737 2456 resina
762 2398 796 2456 et
819 2392 925 2455 melle.
979 2390 1122 2455 Tantum
1150 2391 1331 2473 potestatis

243 2489 342 2582 habet
363 2511 405 2556 ea
427 2511 480 2556 ars
495 2511 555 2576 pro
570 2493 813 2568 medicamento
829 2490 930 2556 dandi
946 2489 1104 2576 quioquid
1120 2491 1208 2554 velit.
1255 2491 1329 2554 llu-

242 2593 426 2658 manissimi
450 2613 563 2659 eornm
583 2595 725 2659 cinerem
749 2599 963 2659 crematarum
986 2591 1180 2656 servandum
1204 2590 1246 2655 ad
1268 2591 1332 2655 hos

242 2887 358 2939 Gronov.
369 2893 396 2939 ei
415 2887 594 2938 sivetu-1⁷
613 2887 708 2938 Celebre
727 2884 877 2937 cuim-re
893 2885 955 2934 Vei.
969 2883 1062 2934 Doleo.
1082 2889 1109 2933 ri
1127 2880 1185 2933 cod.
1206 2881 1331 2945 ejusden»,

728 3049 836 3101 NO'l'AE

241 3145 766 3211 mbaraldirlrirnelilllr·linteolo
806 3145 878 3195 licus
901 3144 970 3194 racia
993 3140 1182 3193 Goruofrrdum
1203 3138 1273 3202 ride,
1301 3140 1328 3189 ia

240 3222 356 3272 maioris
367 3221 663 3285 rurlburimpounnlnr.¹
693 3222 766 3272 Blat-
806 3220 869 3271 cod.
884 3219 981 3270 luced.
997 3219 1041 3269 lib.
1051 3231 1079 3267 x.
1098 3216 1139 3266 ill.
1150 3219 1190 3264 2⁰.
1204 3219 1329 3279 pepon.

243 3302 327 3344 turum
338 3296 385 3346 lroe
396 3309 475 3358 penas
486 3294 583 3346 fredum
595 3305 644 3353 eat,
659 3311 766 3347 nauarc-
805 3305 833 3347 st
844 3300 901 3346 ou.

241 3383 348 3434 nomque
370 3371 473 3434 animal,
490 3378 567 3421 nocie
588 3372 668 3436 aragia
689 3387 765 3436 qnam
835 3371 845 3414 l
862 3369 913 3420 Alii
923 3367 1002 3432 lim]
1019 3365 1271 3418 Pliniaavrlardoc.
1282 3364 1329 3416 eil.

241 3445 355 3494 interdiu
374 3445 400 3494 in
417 3446 491 3495 cellis
506 3447 612 3496 rinrriir
628 3461 766 3510 apperens,
806 3455 834 3496 et
845 3447 937 3496 Diorc.
949 3458 980 3494 rr.
991 3446 1032 3494 ⁸8.

240 3521 473 3574 clrcrlruirrarum
486 3536 541 3583 orr,
558 3524 584 3572 iu
600 3523 707 3585 balneis,
718 3525 765 3572 ali·
837 3519 849 3554 ¹
864 3521 973 3571 Alterura
1076 3513 1199 3582 apim]
1218 3514 1329 3578 lamro,

241 3595 388 3660 muana
409 3595 503 3646 edium
521 3599 647 3660 partibas,
669 3599 764 3662 gryllo·
805 3598 859 3648 aire
880 3594 995 3658 pinara,
1011 3594 1078 3659 qnod
1097 3595 1122 3644 in
1144 3593 1257 3657 pistrinis
1272 3592 1326 3656 glr-

239 3671 364 3733 rescrenr,
385 3674 430 3737 qni
451 3673 569 3723 noctium
594 3681 686 3724 errare
705 3674 765 3724 arri·
804 3679 910 3724 nnninr.

239 3749 312 3800 deni.
343 3749 411 3798 Vide
426 3749 591 3799 Maiiuloiurn
609 3750 635 3798 la
649 3751 766 3800 Dlmror·
836 3745 942 3808 ¹dlrua]
968 3746 1012 3798 Da
1031 3744 1145 3796 Antonio
1165 3743 1241 3794 Mosa
1262 3740 1328 3792 dui·

239 3829 324 3878 uad.
338 3840 364 3888 p.
380 3829 437 3876 ui).
468 3825 525 3875 lanx
545 3825 600 3876 laris
616 3825 765 3876 adrerrlrrl-
804 3825 985 3876 murxrmd.
1017 3815 1327 3878 VideNotaretllmend.

238 3915 290 3957 mr,
305 3901 344 3954 ur
360 3907 388 3950 at
403 3902 426 3951 ai
443 3909 520 3950 noctu
536 3902 622 3951 lamen
639 3901 777 3954 inferatur·
805 3915 876 3951 narn.
886 3903 929 3951 li.

239 3986 355 4041 repenle,
377 3977 513 4026 celerrimo
530 3990 606 4026 eursu
623 3975 764 4039 reinpirnr.
837 3982 856 4010 ⁸
874 3971 1071 4035 feriantem]
1082 3969 1327 4033 Descriprnmano·

239 4051 391 4116 ‘heileg-
411 4050 518 4102 birrra'
535 4052 645 4102 Maroni.
679 4053 765 4103 Fater
806 4049 1063 4113 hispanensem
1075 4043 1221 4093 Matthiolo.

238 4129 323 4179 bleisa
341 4127 445 4191 alioqui,
462 4135 529 4177 leste
545 4128 628 4178 Paulo
641 4129 717 4179 Diae.
737 4129 763 4178 ln
836 4136 848 4162 ¹
865 4125 1001 4189 mum]
1019 4125 1062 4175 lia
1070 4122 1129 4174 libri
1137 4135 1234 4175 amaea.
1251 4121 1330 4176 Furia

240 4204 350 4264 ulmo,
374 4203 466 4252 rermla
490 4217 648 4267 purpureum
674 4217 764 4267 penus,
805 4203 911 4267 rcellus,
922 4201 1048 4256 Weiss.

237 4281 345 4346 ipsaque
356 4277 423 4331 adro
429 4291 560 4345 prrparrr
571 4291 623 4345 qua
630 4278 663 4330 dr
671 4291 764 4347 areap-
