3146 4896
246 361 335 430 4232
610 381 642 428 o.
666 379 785 426 rarurr
810 379 970 428 securior

250 519 680 604 testudinum,'effectasque
692 541 771 603 par:
787 521 910 586 honore
920 519 1098 595 habendos·
1111 528 1123 556 ²
1137 521 1187 585 vel
1201 529 1336 603 propter

251 622 423 688 excellens
438 624 471 686 in
482 631 569 686 usu·
583 624 735 704 pretium,
749 621 966 705 uaturaequub
979 623 1225 705 proprietatem.
1252 623 1341 686 Sunt

249 743 326 805 crgo
340 723 541 787 testudinum
557 742 689 804 genera,
705 727 882 798 terrestres,
896 721 1041 798 marines,
1055 722 1195 798 lutariae,
1210 728 1245 786 et
1259 741 1337 803 quae

250 825 285 887 in
309 824 398 888 dulci
420 843 508 906 aqua
529 825 657 889 vivunt.
695 823 771 886 Has
797 821 931 905 quidum
958 842 976 886 e
1003 821 1133 887 Graecis
1154 823 1338 906 emydas*e

251 923 431 1006 appellant.
465 923 682 988 Terrestrinm
705 942 821 988 carnes
842 921 1063 987 suffitionibus
1087 923 1241 1007 proprias,
1265 941 1335 986 ma·

250 1024 401 1107 ginisque
415 1025 543 1088 artibus
558 1021 750 1101 refutandis,
767 1031 799 1087 et
810 1032 927 1088 conua
938 1043 1068 1088 venena
1082 1025 1248 1088 salutares
1263 1043 1338 1106 pro·

250 1124 379 1188 duntur.
402 1125 560 1188 Plurima
575 1126 607 1188 in
622 1125 749 1188 Africa.
784 1123 852 1187 Has
864 1123 912 1188 ibi
926 1131 1103 1205 amputato
1117 1125 1228 1207 capite
1243 1125 1337 1206 pedi-

249 1225 378 1306 busque
407 1243 469 1306 pro
496 1224 645 1290 antidoto
669 1225 741 1288 dari
767 1224 945 1288 dicuntur:
974 1230 1075 1289 etex
1100 1227 1175 1309 jure
1201 1227 1233 1288 in
1258 1223 1337 1286 cibo
1418 1211 1421 1216 ⁵

251 1333 380 1396 sumtae,
395 1332 536 1390 sunmas
551 1327 728 1402 discutere,
743 1325 867 1388 liunus.⁵
882 1324 993 1388 tollere
1006 1345 1014 1384 ε
1036 1327 1117 1390 item
1132 1323 1316 1389 comitiales
1322 1320 1340 1378 ‘¹.

250 1427 397 1491 morbos.
432 1427 575 1510 Sanguis
595 1435 729 1492 earum·
755 1426 939 1490 claritatem
956 1427 1047 1490 susus
1071 1426 1161 1504 lacit,
1183 1425 1339 1488 suffusio·

251 1546 377 1610 nosque
399 1529 570 1592 oculorum
588 1527 685 1592 tollit.
719 1527 765 1591 Et
779 1533 893 1591 contra
917 1528 1121 1610 serpentium
1144 1526 1287 1590 omnium
1304 1533 1340 1614 et

250 1647 443 1694 araneorum
465 1649 505 1693 ac
531 1628 686 1693 similium
709 1627 861 1694 venena⁶
886 1628 1081 1704 auxiliatur,
1105 1635 1237 1694 servato
1261 1645 1336 1690 san-

250 1731 349 1810 guine
365 1731 400 1793 iu
414 1730 517 1794 sanna
531 1730 648 1812 pilulis
661 1731 772 1807 lactis,
792 1736 826 1794 ct
841 1749 917 1793 cum
933 1749 1020 1812 opus
1034 1731 1078 1794 sit
1097 1733 1129 1795 in
1142 1730 1221 1794 vino
1238 1728 1336 1793 datis.

251 1831 345 1896 Fells
359 1831 565 1896 testudinum
574 1827 594 1864 .r
607 1851 682 1895 cum
708 1829 847 1895 Attico⁷
874 1831 972 1894 melle
996 1831 1205 1913 glaucomata
1224 1831 1336 1912 inungi

284 2019 296 2042 ⁶
313 2012 403 2067 Quibus
413 2013 485 2062 iasar
495 2013 612 2063 habeadus
622 2018 666 2062 est.

725 2155 810 2176 000000
814 2156 887 2178 00000

286 2287 423 2335 caa.x1v.
457 2289 469 2332 1
492 2284 575 2334 chiffl.
587 2287 715 2336 simul-2
732 2287 776 2336 Ila
787 2303 820 2336 es
832 2286 907 2338 codd.
919 2285 1069 2335 lietduinus
1087 2291 1115 2336 et
1135 2291 1246 2334 receuti.
1265 2291 1339 2334 terra·

252 2365 305 2414 que,
316 2355 341 2398 et
350 2355 368 2396 t.
380 2349 479 2414 effectes
488 2363 576 2412 quaque
591 2353 645 2412 pari
663 2351 749 2399 iassae
758 2351 859 2401 habendi
869 2353 982 2400 Gronov.
995 2359 1021 2398 et
1033 2350 1118 2410 vulgg.
1143 2354 1181 2397 est
1195 2351 1340 2398 testudinea

254 2416 287 2466 sl.
299 2427 339 2477 sp.
351 2413 488 2461 neree-a
508 2411 591 2465 Cbiffl.
603 2415 737 2464 manum.
772 2417 844 2474 ltlcs,
855 2415 1085 2478 instantorumaqua
1102 2412 1192 2461 nater.
1205 2427 1220 2460 e
1231 2426 1339 2477 seqareu-

252 2479 377 2528 tibus.-t
394 2475 435 2525 Its
452 2489 484 2524 es
502 2477 579 2527 codd.
598 2477 746 2527 lietduinus
760 2487 787 2528 et
806 2487 914 2528 recentt.
942 2478 1104 2539 Hasqrddem,
1122 2478 1162 2537 ic.
1181 2477 1296 2526 Gronov.
1311 2487 1340 2527 et

251 2543 339 2605 vulgg.
365 2540 524 2604 Hesperidum
537 2541 663 2590 Graeciem
680 2542 790 2592 dnscod.
808 2543 898 2591 Dalec.
916 2547 943 2590 et
962 2542 1000 2590 sic
1019 2541 1097 2588 etiarn
1118 2539 1208 2589 llerur.
1228 2541 1340 2590 Barb—

252 2611 267 2654 5
284 2606 328 2655 Ita
338 2604 413 2654 codd.
427 2604 553 2653 Harduiui
566 2613 593 2655 et
603 2605 650 2654 cui
683 2621 758 2656 ,curn
771 2607 830 2655 edd.
843 2604 970 2655 Hardnia.
982 2608 1041 2654 1.2.
1055 2609 1078 2653 3.
1090 2613 1116 2652 et
1128 2613 1238 2653 recenti.
1254 2620 1281 2654 ac
1291 2607 1339 2654 lies

253 2670 407 2719 Graecast
420 2669 556 2731 vairp-6
574 2670 616 2719 lta
632 2669 708 2719 codd.
719 2670 847 2721 ilarduiai
859 2679 887 2720 et
898 2667 982 2719 Chiffl.
994 2683 1052 2718 cum
1064 2668 1124 2716 edd.
1142 2667 1266 2718 Herduin.
1280 2673 1303 2717 i.
1314 2675 1340 2718 2.

252 2738 277 2782 ³.
289 2741 317 2782 ct
332 2740 441 2782 recenti.
464 2733 615 2784 assimiliaris
627 2738 650 2783 st
661 2749 870 2785 rauaramsesesa
886 2733 999 2782 Gronov.
1011 2740 1036 2782 et
1049 2733 1082 2780 al.
1095 2737 1206 2781 retu-i
1224 2733 1340 2784 Arantia

662 2875 664 2880 '
743 2893 849 2946 norm

284 3008 295 3033 ¹
312 3000 408 3065 lauru]
425 3002 466 3051 Ad
478 3003 774 3070 intestinararioesupel·
816 3019 875 3054 naun
893 3011 977 3068 vocat,
993 3004 1053 3053 κατὰ
1069 3003 1164 3067 riscus,
1185 3017 1216 3054 rr.
1237 3005 1261 3051 2.
1280 3017 1338 3065 pap.

252 3077 346 3125 leclilis
365 3091 452 3140 opere.
487 3079 581 3128 Earum
596 3081 705 3129 cortices
720 3081 775 3129 slve
816 3085 872 3130 sol.

231 3214 235 3220 1
253 3153 383 3216 putamina
394 3153 548 3203 secabantur
559 3155 584 3203 in
597 3156 775 3219 laminasqu-
848 3156 859 3190 θ
877 3156 940 3205 Item
959 3154 1098 3216 comitiales]
1116 3155 1216 3204 Auctor
1238 3155 1340 3203 Kirani·

253 3229 300 3279 bus
309 3230 371 3278 lecti
381 3230 545 3289 vestirentur,
554 3238 582 3279 et
591 3232 752 3295 repositoria.
816 3231 886 3290 dum,
907 3245 932 3293 p.
950 3235 1005 3278 its.
1027 3229 1154 3286 *Χελώνης
1169 3243 1270 3292 quoque
1286 3237 1337 3277 ter·

285 3306 296 3340 b
316 3301 472 3370 Natumque]
498 3308 528 3356 lu
540 3308 605 3370 Reg.
615 3309 778 3373 ‘astrasapes
817 3308 905 3356 rostris
917 3306 1020 3368 sanguis
1034 3300 1109 3367 potu's
1127 3303 1279 3368 epilepticos
1294 3305 1337 3366 ju·

250 3383 426 3444 proprietatem.
450 3383 567 3444 Rectius,
576 3391 605 3434 ut
616 3386 716 3448 opinor.
734 3388 778 3436 De
816 3390 870 3444 est,
881 3390 909 3431 st
920 3380 951 3430 ab
964 3380 1073 3430 echidna
1084 3381 1124 3427 rel
1135 3380 1269 3442 scorpione
1281 3395 1338 3442 per-

252 3457 336 3506 forms
364 3459 521 3509 testudinum
544 3462 653 3510 diximus
677 3475 715 3510 rx.
738 3465 777 3511 la.
814 3472 903 3507 cramus
920 3454 1120 3518 summsjuust!
1153 3455 1340 3506 Diaeusimili·

253 3533 312 3583 Hoc
332 3541 417 3582 tanuen
434 3541 462 3583 et
481 3535 522 3582 liic
539 3535 624 3585 obiter
643 3538 777 3601 adjicimus
816 3545 866 3589 ter»
878 3547 909 3581 ¹¹·
920 3535 961 3582 97·

253 3623 286 3659 ex
298 3609 429 3659 Pausania
439 3609 465 3656 in
478 3609 584 3670 Atticis,
596 3623 655 3673 pag.
665 3615 706 3661 43.
724 3627 775 3661 ans·
847 3606 1081 3670 ‘Sanguineum
1109 3607 1209 3658 Plinius
1219 3611 1306 3659 Vates.
1320 3624 1338 3661 ι.

252 3686 320 3734 rinus
330 3682 472 3733 testudines
483 3699 497 3732 a
508 3685 672 3734 terrestribus
680 3686 775 3749 magui·
816 3691 853 3735 18.

253 3760 342 3808 tudine
363 3765 463 3808 tantum
480 3773 510 3808 ac
528 3759 636 3822 pedibus
652 3760 775 3810 differre:
848 3759 856 3793 ¹
872 3761 935 3810 Folle
946 3759 1100 3822 testudinans]
1123 3758 1223 3809 Auctor
1234 3759 1337 3810 Kiraui·

253 3835 332 3898 pedes
352 3835 419 3882 enisu
438 3834 467 3882 iis
485 3847 551 3892 esse,
571 3835 656 3898 quales
677 3837 775 3886 marina
816 3835 885 3896 dum,
909 3850 967 3898 pag.
988 3839 1044 3883 ius.
1066 3836 1130 3885 ‘Fel
1153 3836 1288 3884 cicatrices
1311 3844 1338 3885 et

254 3909 344 3958 vitulo.
362 3906 621 3964 bleliialiaartsurm
632 3909 695 3968 salu
704 3911 776 3972 papt-
816 3913 958 3961 leucomsts
975 3925 1033 3960 curn
1049 3911 1125 3960 melle
1141 3924 1237 3960 summe
1251 3913 1337 3973 jurat.

253 3989 305 4033 taur
326 3983 364 4032 eal
382 3986 464 4040 nisis,
482 3983 558 4042 ὅμοιαι
579 3987 632 4035 saie
647 3987 773 4049 χερσαίαις·
815 3989 957 4036 Toisuero
977 3986 1240 4041 connumerem
1260 3989 1337 4036 suella

255 4060 324 4110 sidau
334 4059 473 4110 iliarudras
484 4059 568 4122 ἔχουσι
577 4063 731 4125 reiecturus.
815 4073 907 4121 sumta,
926 4063 1097 4112 vetustissima
1112 4064 1253 4112 leucomsts
1265 4079 1337 4112 miru-

284 4145 295 4170 θ
311 4138 427 4201 Enydas]
441 4137 538 4197 ’suum
549 4139 667 4191 Aristar
677 4142 775 4190 Pheru-
816 4139 861 4190 dat
875 4139 1013 4189 continuo:
1024 4143 1052 4185 et
1062 4136 1176 4188 dolorem
1188 4139 1337 4188 nubeculas·

252 4213 332 4278 rinus,
345 4211 432 4275 δμῶας
446 4213 606 4276 Ατεὴὶμηοι
619 4216 687 4280 apud
698 4217 775 4267 Gala·
816 4231 866 4281 que
877 4215 943 4267 illita
952 4213 1042 4276 senat‚'
1053 4217 1101 4264 &c-
