3146 4896
280 341 367 408 4170
647 357 679 404 c.
706 356 827 406 untutt
850 356 1014 406 snouum

280 501 380 566 Jovss
396 499 501 566 horto.
545 499 593 563 ut
606 497 665 562 ille
679 499 887 566 siccitatibus
902 497 1005 581 riget:
1027 499 1171 564 maxime
1183 503 1294 564 eutem
1305 519 1364 584 pu·
1424 479 1432 492 ⁰

282 602 349 667 tein
364 601 452 666 circa
465 598 669 664 Arcturum.⁰

321 701 404 782 (ιν.)
425 699 528 764 Nou⁸
543 701 621 786 ipsa
635 704 750 763 aestate
765 698 931 774 deficiunt,
945 717 1125 782 omnesque
1138 700 1311 784 quatriduo
1326 721 1366 766 eo

281 801 467 866 subsidunt.
509 799 588 866 Jam
610 817 689 865 vero
711 800 806 864 multi
827 800 942 884 hyeme
962 806 1053 864 totas
1076 807 1115 864 ut
1136 801 1226 865 circa
1251 800 1365 884 Olym·

279 911 388 986 pum?
403 920 478 968 rere
494 903 635 983 primum
651 901 749 984 aquis
765 901 987 964 redeuntibus.
1024 900 1064 964 In
1080 901 1198 966 Sicilie
1212 903 1366 986 quideml

280 1005 372 1068 circu
394 1003 590 1068 Messanam
612 1008 647 1066 et
661 1000 776 1083 Mylas
791 1001 907 1084 hyeme
922 1002 956 1065 in
972 1006 1079 1066 totum
1092 1001 1279 1068 inarescunt
1292 1002 1365 1068 fon-

279 1113 350 1171 tes:
372 1113 493 1170 aestate
517 1103 696 1179 exundant,
718 1121 915 1185 amnemque
941 1102 1078 1167 faciunt.
1119 1101 1309 1188 Apollonias
1332 1105 1365 1170 iu

280 1206 392 1270 Ponto
405 1206 481 1270 fons
489 1206 590 1289 juxte
603 1224 693 1269 mure
708 1209 826 1270 estate
839 1211 965 1269 tantum
978 1204 1159 1288 superfluit,
1173 1211 1207 1269 et
1219 1205 1364 1270 maxime

279 1307 372 1372 circa
393 1307 493 1372 Canis
514 1313 663 1370 ortum:⁹
684 1305 828 1388 parcius,
842 1305 873 1368 si
886 1302 1035 1386 frigidior
1049 1305 1093 1368 sit
1107 1309 1217 1391 aestas.
1262 1304 1363 1383 Que-

279 1407 357 1472 dam
372 1414 465 1474 terrm
480 1407 641 1472 imbribus
652 1405 812 1470 sicciores
824 1403 918 1482 finnt,
931 1403 1065 1470 velutin
1077 1403 1256 1470 Narniensi
1267 1423 1364 1486 agros

278 1509 369 1590 qnod
389 1497 605 1574 Admirundis
620 1507 691 1571 suis
705 1506 843 1570 inseruit
856 1505 907 1573 M.
923 1505 1055 1588 Cicero,
1068 1508 1220 1574 siccitate
1234 1508 1363 1574 lutum'

278 1607 351 1673 fieri
366 1611 520 1692 prodens,
533 1609 637 1672 imbre
651 1607 831 1691 pulverem.

323 1726 442 1774 xxtx.
464 1708 583 1773 Omnis
598 1726 688 1790 aqua
700 1708 815 1790 hyeme
829 1706 970 1786 dulcior,
984 1713 1103 1776 aestate
1118 1714 1229 1774 autem
1244 1709 1362 1790 minus,

278 1814 438 1873 autumno
452 1809 584 1873 minime
594 1817 619 1872 :¹
642 1808 820 1891 minusque
834 1826 894 1892 per
904 1809 1083 1875 siccitates.
1117 1810 1237 1896 Neque
1251 1831 1363 1894 tequa-

276 1909 320 1973 lis
342 1911 488 1975 amnium
510 1911 703 1994 plerumque
724 1916 840 1993 gustus
854 1914 916 1987 est,
932 1929 1053 1992 magna
1071 1912 1155 1977 alvei
1170 1913 1363 1977 differentia.

277 2008 414 2093 Quippe
437 2012 539 2076 tutes·
560 2019 639 2076 sunt
663 2029 774 2094 aquae,
797 2009 907 2092 qualis
931 2016 1017 2073 terra
1040 2029 1100 2092 per
1122 2030 1221 2094 quum
1245 2011 1363 2088 fluunt,

277 2112 460 2196 qualesque
481 2113 666 2189 herbarum,
681 2131 765 2195 quas
786 2112 911 2183 lavant,
925 2109 1030 2173 succi.
1074 2109 1159 2193 Ergo
1178 2112 1276 2174 iidem
1292 2131 1362 2175 um-

274 2213 351 2276 nes‘
369 2219 461 2296 parte
479 2215 614 2298 aliqua·
633 2214 842 2296 reperiuntur
861 2211 1059 2274 insalubres.
1102 2210 1234 2276 Mutant
1259 2229 1363 2292 sapo-

275 2329 346 2376 rem
366 2321 401 2377 et
422 2313 592 2379 influentes
612 2314 686 2394 rivi,
700 2319 736 2378 nt
755 2311 1008 2397 Borysthenem,
1024 2311 1172 2394 victique
1186 2312 1363 2377 diluuntur.

729 2475 909 2500 commun

275 2590 354 2654 ecqud
368 2594 424 2639 .-8
440 2589 526 2640 ltsex
541 2590 618 2642 codd.
631 2590 780 2643 narduinus
791 2594 819 2637 et
837 2594 946 2638 receutl.
965 2589 1030 2638 Nem
1046 2587 1158 2638 Gronov.
1175 2595 1202 2638 et
1218 2589 1251 2637 sl.
1264 2596 1363 2639 sett—

276 2659 293 2703 9
309 2605 373 2704 cod.
385 2655 477 2704 Delec.
490 2662 517 2704 et
528 2657 561 2704 st.
571 2661 596 2704 et
606 2657 709 2704 mesine
722 2655 796 2704 Cattis
806 2655 869 2700 crte.

306 2720 374 2768 cur.
386 2732 472 2770 xxtx.
505 2723 517 2768 l
536 2719 601 2770 Herc
612 2719 664 2770 duo
676 2718 766 2781 rerba,
784 2721 896 2766 sutum
906 2715 1009 2777 misisse,
1028 2711 1122 2764 dunat
1133 2715 1158 2763 in
1170 2715 1227 2766 cod.
1240 2717 1362 2767 Delec-

762 2877 875 2930 NOTAE

306 2981 319 3008 ¹
334 2974 443 3024 dissitas
450 2977 613 3040 mtmpstei]
628 2976 738 3027 Athenis
749 2976 798 3026 sci-
838 2988 866 3037 p.
878 2977 934 3024 146.
966 2972 1067 3023 Plinius
1078 2984 1110 3022 u.
1121 2975 1178 3022 1⁰6.
1189 2969 1289 3022 ‘Lacus
1303 2972 1362 3021 Siu-

274 3047 346 3098 lieet.
837 3064 901 3100 usos
917 3050 945 3098 in
957 3048 1021 3099 Asta
1036 3049 1256 3100 circumducente
1274 3047 1361 3100 sbriu-

305 3132 318 3157 0
335 3123 406 3173 Circo
427 3123 569 3187 Arcturum]
594 3126 671 3175 circs
692 3126 798 3176 Arcturi
838 3124 1033 3176 thioiutioitur.'

274 3206 399 3255 exortum,
410 3201 451 3262 qui
463 3197 519 3249 iere
531 3199 798 3265 acciditldibansp·
869 3205 877 3236 ³
901 3201 968 3261 Ergo
987 3201 1059 3250 iidess
1078 3199 1168 3263 ιιιιιι]
1190 3199 1231 3247 De
1255 3198 1361 3262 Hypsoi

273 3273 353 3324 tenth.
364 3283 393 3324 ut
404 3275 552 3324 dictumest
566 3288 648 3324 xrttt.
660 3280 702 3326 74.
836 3276 915 3336 idem,
936 3277 1003 3336 qnod
1022 3275 1121 3324 Plinius
1139 3272 1172 3323 de
1189 3274 1361 3337 Borysthene,

305 3355 318 3390 ν
343 3349 378 3396 Ut
404 3349 467 3399 ιίιιι
489 3349 626 3414 Olympum]
653 3351 696 3402 ilic
718 3350 796 3402 etism
837 3350 1182 3414 procurvumvtusrurm
1199 3352 1315 3413 p..‘16tt
1329 3349 1360 3398 ln

273 3405 337 3471 uu.
350 3436 518 3488 omnesquae
529 3426 634 3489 qutdem
645 3427 706 3477 stdi
731 3427 798 3476 Gro-
837 3428 924 3478 Ponto
941 3434 980 3476 est
999 3425 1093 3476 flumen
1112 3424 1248 3490 Hypanis:
1268 3426 1360 3490 iuquit,

273 3497 408 3544 novimen
422 3511 476 3554 suo,
487 3498 552 3547 circs
564 3500 701 3562 Olynthus.
838 3503 901 3567 qui
919 3517 934 3552 tt
953 3502 1041 3565 rspice
1053 3498 1156 3563 profluit
1167 3499 1271 3550 circiter
1282 3501 1361 3550 millis

304 3579 316 3614 t
341 3571 371 3620 ls
393 3571 477 3621 biudis
501 3574 605 3636 quidm]
630 3575 687 3628 Hoc
709 3590 798 3627 serum
837 3591 882 3628 ιι.
899 3591 994 3640 sspore
1010 3575 1172 3626 dulcissimo:
1189 3575 1283 3626 deiude
1300 3590 1359 3626 euru

272 3659 329 3696 etse
347 3646 462 3696 Fanellus
478 3646 505 3694 iu
520 3647 553 3696 iis
566 3649 618 3696 oris
630 3655 706 3698 ustos
717 3656 798 3700 tasts·
837 3655 957 3716 persenit
976 3651 1008 3701 stt
1024 3652 1108 3700 locutu
1126 3650 1168 3714 qui
1189 3658 1229 3700 est
1245 3650 1277 3701 sb
1292 3651 1359 3702 ostio

273 3731 324 3781 tur,
336 3721 435 3770 Daesd.
446 3735 466 3771 t.
478 3721 510 3770 de
522 3722 597 3771 rebus
608 3722 710 3784 Siculis,
722 3735 761 3772 tx.
771 3727 796 3772 8.
837 3726 871 3775 sd
882 3727 961 3776 millis
971 3738 1033 3776 eux.
1048 3723 1204 3775 admiscetur
1214 3726 1238 3774 ei
1250 3723 1359 3774 tenticu-

303 3795 543 3860 assultuum]
560 3797 624 3845 Cum
642 3811 719 3846 arens
738 3806 797 3861 post
836 3802 876 3850 lus
887 3801 985 3864 oppido
1002 3815 1077 3864 qnsm
1095 3802 1224 3868 parvulus.
1256 3801 1282 3850 ls
1302 3814 1360 3850 cnm

272 3869 368 3921 imbres
390 3873 417 3920 in
440 3873 486 3922 luti
514 3872 634 3922 duritiem
655 3873 795 3938 glebasque
836 3876 932 3926 iocum
947 3874 1149 3938 induit,tsntsm
1161 3876 1360 3939 magnitudinem

271 3947 382 4010 rusjores
392 3949 461 3996 ccitr
478 3961 535 4013 qun
546 3961 606 3997 mos
624 3949 706 3999 imbre
718 3949 795 4000 sdse
834 3949 946 4002 fluminis
967 3951 1032 4002 iscis
1055 3966 1181 4002 smersmt
1208 3953 1267 4004 ideo
1289 3953 1358 4018 quod

270 4020 359 4070 niente
380 4024 529 4072 solvuntur:
553 4031 613 4090 post
634 4022 756 4074 effusos·
749 4039 795 4074 ιιι-
835 4042 882 4091 per
902 4028 928 4078 id
947 4041 1029 4090 genus
1046 4035 1134 4088 terre,
1151 4037 1180 4078 et
1195 4042 1273 4079 senas
1291 4028 1359 4078 unde

273 4077 342 4154 brer,
354 4096 446 4146 iterum
457 4098 510 4147 coit
520 4111 551 4146 sc
562 4097 687 4149 durescit.
835 4103 976 4153 ssndarscs
986 4100 1093 4164 foditur,
1109 4118 1142 4154 es
1157 4119 1225 4170 sque
1234 4104 1359 4156 msusttdc

305 4169 420 4232 ‘Quippe
430 4172 502 4234 tetes]
519 4171 560 4222 Es
570 4172 689 4224 Vitruvio
701 4187 761 4226 sur.
771 4180 796 4228 4.
836 4177 968 4242 perficitor
979 4175 1084 4228 stusrsss
