3136 4900
269 375 356 442 4126
612 391 643 437 c.
668 390 789 438 rcrurr
818 389 981 440 sncuunr

267 553 483 601 mammarum
503 535 758 617 suppurationes
774 539 988 616 concoquunt
1013 539 1049 598 ct
1063 532 1228 617 aperiunt,
1252 539 1361 598 extru-

267 637 428 720 huutque,
451 641 485 700 et
500 635 543 699 ad
559 635 748 700 cicatricem
764 634 963 716 perducunt.
986 635 1056 700 Luc
1078 634 1266 699 devocant⁵
1289 634 1362 716 poti

269 757 345 802 cum
360 739 480 803 mulso.
526 739 740 803 Inveniuntur
755 746 787 801 ct
802 737 998 812 vermiculi,⁶
1018 738 1078 821 qui
1090 737 1261 818 adalligati
1277 737 1363 801 collo

269 840 440 905 continent
461 849 607 925 partum.
651 839 883 904 Detrahuntur
909 848 1020 903 autem
1042 839 1107 904 onb
1135 846 1254 921 partu:
1278 838 1363 902 alias

269 941 352 1006 eniti
368 960 433 1006 non
448 944 629 1025 patiuntur.
674 940 869 1007 Cavendum
890 941 988 1004 ctiam
1009 961 1051 1004 ne
1077 941 1112 1004 in
1137 948 1224 1004 terra
1241 958 1364 1023 ponan-

269 1047 334 1108 tur.
379 1041 570 1126 Couocptus
596 1060 732 1124 quoquc
754 1059 859 1105 cansa
874 1041 995 1105 dantur
1018 1041 1050 1104 io
1077 1046 1160 1126 potn
1185 1042 1281 1124 quini
1308 1045 1364 1105 aut

270 1143 411 1226 septeni.
455 1143 611 1208 Goohlcae
641 1144 675 1206 in
705 1139 807 1207 cibo'²
843 1149 960 1207 sumtae
987 1142 1179 1208 accelerant
1212 1147 1363 1223 partum:

268 1245 347 1309 item
373 1252 571 1327 conceptum
599 1245 769 1328 impositae
792 1265 868 1309 cnm
892 1262 1004 1309 croco.
1048 1243 1184 1307 Eaedem
1211 1263 1257 1306 cx
1272 1263 1364 1327 amy-

268 1343 305 1410 lo
320 1352 356 1409 ot
371 1346 582 1428 tragacantha
597 1346 692 1412 illitae
708 1346 875 1430 profluvia
889 1346 1021 1410 sistunt.
1066 1344 1213 1409 Prosunt
1233 1351 1266 1408 et
1285 1364 1364 1427 pur-

270 1447 460 1527 gationibus
481 1453 601 1511 sumta)
622 1447 657 1510 in
680 1446 769 1522 cibo,
791 1454 823 1513 et
844 1446 980 1511 vulvum
1004 1441 1174 1510 avorsam‘
1201 1446 1366 1526 corrigunt

269 1567 345 1612 cum
361 1548 507 1614 medulla
529 1550 674 1620 cervina,
690 1551 734 1612 itu
755 1556 794 1613 ut
815 1550 870 1612 uni
896 1547 1065 1612 cochleae⁷
1088 1546 1212 1611 denarii
1231 1545 1364 1630 pondus

269 1649 412 1714 addatur
426 1655 459 1712 ct
485 1649 615 1732 cyperi:
638 1648 850 1724 inflationes⁸
874 1667 1009 1733 quoqne
1034 1649 1206 1714 volvarum
1228 1648 1366 1712 discuti·

268 1757 329 1814 unt
343 1755 488 1815 exemlae
503 1750 609 1827 testis,
632 1750 786 1832 tritaeque
809 1769 886 1815 curn
909 1767 1060 1813 rosaceo.
1103 1747 1159 1813 Ad
1174 1748 1247 1814 haec
1261 1747 1365 1831 Asty·

269 1851 422 1932 palaeicm
450 1851 594 1914 maxime
619 1849 798 1932 eliguntur.
840 1847 923 1914 Alio
950 1849 1049 1914 modo
1072 1848 1245 1915 Africanae
1275 1850 1364 1916 binae

269 1951 357 2016 trite
377 1970 452 2026 cum
470 1953 551 2016 lieni
566 1951 680 2018 Graeci
701 1953 791 2037 quod
808 1953 912 2017 tribus
935 1952 1049 2034 digitis
1065 1953 1228 2036 capiatur,
1251 1951 1365 2016 addito

269 2051 367 2116 mella
397 2052 651 2118 cochlearibus⁹
672 2061 826 2136 quatuor,
856 2053 1029 2118 illinuntur
1052 2055 1140 2131 alvo,
1163 2053 1254 2136 prius
1279 2053 1364 2116 irino

270 2171 376 2244 succo
390 2159 570 2238 perunctae.
591 2153 677 2218 Sunt
688 2162 724 2219 ct
735 2156 888 2233 minutia,
898 2155 1085 2237 longaeque,
1095 2153 1248 2218 cundidae
1264 2153 1364 2218 coch-

268 2254 345 2333 leae,
374 2254 501 2337 passim
523 2255 752 2320 oberrantes.¹⁰
795 2255 856 2318 Eae
886 2255 1041 2322 arefactae
1064 2255 1146 2320 Sole
1173 2257 1206 2318 in
1236 2256 1365 2337 tegulis,

271 2361 425 2440 tusaeque
450 2354 485 2417 in
508 2355 651 2434 farina,¹¹
674 2357 854 2421 miscentur
882 2357 1028 2421 lomento
1063 2357 1171 2440 aequis
1201 2357 1366 2440 portione,

270 2456 511 2540 candoremque
533 2463 566 2520 ct
583 2458 738 2522 laevorem
755 2459 889 2542 corpori
905 2457 1053 2524 afferunt.
1098 2458 1265 2523 Scabcndi
1281 2459 1368 2522 desi·

269 2555 376 2621 durial
400 2559 523 2623 tollunt
533 2559 669 2624 minutae
692 2549 822 2624 allatae
837 2580 912 2624 curn
928 2560 1074 2643 polenta.
1119 2559 1280 2642 Viperam
1294 2579 1366 2622 mu-

269 2655 333 2722 lier
354 2677 533 2742 praegnans
557 2661 586 2723 si
603 2661 857 2738 transcenderit,
877 2661 1032 2725 abortum
1055 2660 1170 2725 faciet:
1194 2661 1271 2723 item
1297 2679 1366 2724 am·

269 2758 502 2838 phisbaenam,¹‘
523 2768 685 2826 mortuam
707 2762 881 2827 duntaxat.
925 2762 1016 2827 Nam
1033 2763 1141 2826 viram
1158 2761 1315 2825 habentes
1331 2762 1365 2823 iu

269 2858 397 2942 pyxide
411 2861 547 2943 impune
562 2869 744 2940 transeunt,
769 2863 920 2928 etiamsi
946 2873 1074 2929 mortua
1099 2862 1163 2927 sit:
1187 2871 1292 2945 atquc
1307 2881 1362 2926 us·

163 3173 170 3186 ·
270 3152 357 3216 volgg.
381 3153 407 3201 iu
423 3152 524 3202 ceruicer
539 3158 562 3201 et
581 3153 853 3215 numerarent...
867 3153 981 3202 Groeidir
991 3152 1105 3203 Gronov.
1118 3160 1145 3204 et
1157 3153 1290 3216 volup-⁵
1307 3153 1366 3202 ‘lta

271 3219 328 3265 cod.
349 3215 413 3280 Reg.
429 3221 452 3264 1.
472 3223 499 3266 et
519 3216 606 3266 Editio
624 3219 751 3280 princepe.
786 3217 815 3264 ln
827 3215 885 3265 cod.
899 3218 934 3266 Re
955 3223 998 3267 .2.
1014 3217 1130 3267 mucul!
1147 3217 1308 3266 Brutina—o
1325 3217 1367 3265 lta

270 3293 304 3328 ex
316 3281 391 3330 codd.
404 3280 552 3330 Harduiuur
565 3288 591 3330 et
604 3287 715 3330 recentt.
731 3287 755 3330 et
765 3281 863 3330 moena
872 3281 918 3330 Clrl
948 3317 954 3330 .
973 3287 996 3330 el
1008 3284 1034 3330 ia
1045 3282 1154 3343 gramine
1167 3281 1288 3332 cantati
1299 3281 1364 3330 Gro-

270 3357 330 3394 nov.
342 3351 370 3394 at
386 3346 521 3409 roim-⁷
539 3345 599 3394 Ver.
617 3345 710 3395 Doleo.
733 3346 775 3393 uni
786 3346 861 3394 unua
877 3345 1032 3394 mitem—8
1051 3346 1112 3394 Ver.
1128 3347 1218 3396 Doleo.
1234 3345 1368 3408 iustam·

270 3408 353 3456 lionae
386 3409 459 3469 Mox,
471 3414 494 3458 et
504 3410 620 3471 exemptio
630 3409 699 3458 tertia
712 3409 777 3458 true
787 3423 847 3470 curn,
856 3410 896 3470 dre.
909 3406 1044 3458 enim-o
1061 3410 1102 3458 ltu
1115 3424 1147 3458 ex
1158 3408 1233 3459 codd.
1253 3409 1364 3458 ilardrri-

270 3483 317 3518 nur
328 3476 357 3519 et
368 3479 481 3521 recenti.
504 3479 615 3534 captatur
624 3474 706 3522 addito
716 3475 783 3522 melle
792 3473 947 3522 coctionibus
959 3470 1046 3524 chiffl.
1069 3475 1184 3536 cupiatur,
1193 3472 1282 3522 additia
1292 3473 1367 3523 mellic

268 3533 424 3583 :minuitur
435 3535 548 3584 Gronov.
565 3545 593 3585 et
611 3538 765 3600 roim-1⁰
783 3537 844 3588 Ver.
857 3539 946 3587 Doleo.
962 3537 1180 3588 murtea—11
1200 3538 1260 3587 Vct.
1271 3538 1366 3588 Doleo.

762 3697 869 3747 NOTAE

268 3809 320 3854 tem
332 3803 432 3852 clausor
444 3800 547 3863 ponitur
559 3798 633 3852 dolor
641 3801 714 3864 angit
726 3815 798 3851 acar·
836 3802 904 3868 quod
916 3801 946 3854 fit
958 3804 1162 3868 rtrrogolnriune
1175 3803 1251 3852 uteri.

268 3880 327 3939 bar,
338 3875 481 3928 Lumbricir
494 3884 570 3924 terrra
583 3883 717 3940 turgentes
729 3891 796 3941 unge
872 3877 1018 3928 torono
1052 3878 1181 3942 derideriu]
1215 3879 1280 3941 Cap.
1308 3892 1364 3941 cup.

268 3951 421 4018 corymbos-¹
834 3953 984 4014 ⁴‚l’rurituru
1003 3953 1097 4003 cedant
1113 3954 1227 4003 cochlear
1250 3955 1364 4010 minute,

299 4029 313 4063 θ
330 4029 436 4098 Caelica
446 4029 472 4077 r'rr
483 4027 545 4091 cilo]
562 4029 593 4079 Q.
604 4029 715 4079 Serenus
727 4044 750 4078 c·
761 4029 795 4080 do
834 4029 903 4084 late,
913 4029 1041 4088 contrita,
1055 4027 1147 4077 illita:

268 4105 440 4168 conceptione
457 4112 484 4154 et
504 4111 598 4168 partu:
617 4105 670 4156 ‘Et
681 4105 794 4156 cochlea
867 4103 878 4137 ¹
895 4103 956 4154 Item
966 4101 1159 4166 cripturam]
1178 4101 1212 4152 Et
1231 4103 1278 4152 hoc
1295 4103 1362 4166 pari-

267 4175 541 4231 rnanduntureduler.'
833 4185 874 4228 tar
893 4178 976 4229 refert
996 4178 1111 4228 Galenus
1131 4179 1162 4230 de
1185 4179 1313 4230 Tirariaca
1329 4179 1362 4228 ad

303 4253 310 4286 ¹
324 4253 358 4302 Et
379 4254 472 4304 caluam
492 4253 610 4318 amm]
627 4256 795 4314 convorram,
832 4253 922 4306 Piron.
934 4269 957 4304 c.
969 4257 993 4303 9.
1006 4267 1032 4316 p.
1042 4256 1099 4304 943.
