3112 4894
368 403 377 410 “
456 421 543 468 rtur.
566 419 665 468 mer.
691 420 764 467 mu.
791 417 937 469 xxvru.
959 391 1012 468 50'.
1184 403 1270 472 toul

185 583 265 630 eum
281 565 354 628 oleo
369 563 559 645 iososo'per
574 581 696 626 aurem.
717 573 720 578 '
741 562 805 626 Est
819 567 929 626 nutem
940 561 1005 624 hoe
1017 579 1083 624 nou
1096 560 1274 643 hippoma-

184 675 273 743 nee,¹²
294 666 381 749 qood
397 666 523 748 alioqui
538 667 675 728 noxium
690 665 820 743 omitto,
830 664 890 726 sed
905 664 940 726 iu
953 681 1112 744 equorum
1125 663 1274 742 genium,

186 785 229 830 ac
242 777 342 848 'super
356 765 508 847 ungulas.
551 765 719 829 Praeterea
733 767 767 828 io
787 765 906 829 corde⁰
929 783 1087 846 equorum
1110 765 1274 827 iuvenitur

188 868 403 944 os,dentibus
415 867 542 931 caninis
554 867 735 931 maximis⁴
756 867 885 931 simile:
907 866 972 928 hoe
988 865 1192 928 scarificaril’
1214 865 1274 928 do·

188 970 301 1046 lorern,
316 975 375 1032 eut
386 975 520 1034 exemto
535 968 630 1032 dente
653 970 793 1032 emortui
815 969 891 1050 equi
915 967 1072 1042 maxilliS,
1096 965 1140 1029 ed
1164 985 1274 1030 nume·

189 1089 259 1132 rum
274 1068 348 1150 eJue
359 1070 417 1149 qui
429 1067 568 1143 doleet‚⁵
585 1068 817 1132 demonstrent.
861 1067 1032 1149 Equorum
1046 1068 1136 1130 virus
1151 1067 1275 1130 aeoitu

190 1171 225 1232 in
238 1167 392 1250 lyehuis⁶
414 1187 595 1232 accensum
621 1168 806 1232 Anaxilaus
829 1168 986 1250 prodidit,
1012 1167 1204 1250 equinorum
1219 1185 1276 1230 eu-

188 1271 294 1352 pilum
306 1289 387 1332 osus
410 1277 646 1350 representare
671 1268 894 1332 monstrifiee:
924 1269 1075 1331 similiter
1097 1285 1141 1330 ex
1162 1267 1276 1332 asinis·

190 1370 279 1434 Nem
293 1369 509 1452 hippomanes
524 1376 634 1433 tantem
656 1369 692 1432 io
718 1368 877 1432 veneficio
902 1369 986 1431 vires
1011 1369 1123 1444 habet,
1145 1375 1182 1430 ut
1196 1367 1277 1432 affu-

189 1491 265 1536 eum
290 1473 364 1536 aeris
388 1472 542 1535 mixtnrae
570 1473 604 1534 in
629 1469 770 1551 effigiem
797 1489 891 1552 eqoee
908 1469 1102 1552 Olympiael
1123 1469 1275 1533 admotos'

190 1580 319 1636 mures⁷
343 1591 448 1654 equos
463 1571 506 1635 od
520 1571 644 1652 rqbiem
659 1571 768 1634 eoitos
780 1578 868 1652 egat.
912 1569 1063 1633 Medetur
1077 1569 1230 1633 dentibus
1244 1576 1278 1633 et

191 1673 310 1736 fabrile
332 1674 504 1754 glutinum,
527 1675 562 1736 in
587 1691 676 1756 eque
700 1673 887 1748 decoctum,
921 1671 1118 1753 illitumque,
1143 1678 1178 1734 et
1198 1689 1278 1733 mox

192 1775 296 1858 puolo
310 1775 504 1849 detractum,
520 1776 568 1837 ita
582 1781 621 1837 ut
635 1774 812 1838 confestim
828 1774 1015 1838 colluuntur
1038 1773 1129 1849 vino,
1152 1774 1186 1835 in
1210 1784 1278 1855 quo

192 1877 323 1940 decocti
339 1883 415 1940 sunt
428 1876 568 1939 cortices
582 1877 659 1939 mali
672 1874 792 1939 Punici
810 1875 932 1940 duleis.
977 1873 1103 1937 Efficax
1117 1874 1279 1936 hebetor‘¹

190 1984 226 2041 et
238 1980 374 2061 caprino
389 1978 475 2043 luete
489 1977 592 2042 collui
612 1978 742 2052 dentes,
766 1979 820 2040 vel
843 1976 918 2040 selle
933 1976 1076 2039 taurino.
1119 1975 1280 2038 Telorum

195 2098 308 2161 eapree
338 2081 516 2142 recentium
541 2079 628 2142 cinis
648 2078 832 2142 dentifricio
849 2078 971 2161 placet,
994 2084 1030 2140 et
1044 2076 1188 2138 omnium
1210 2077 1280 2139 sere

194 2179 438 2243 villatieamm·
460 2179 720 2262 quadrupedum,
734 2197 775 2242 ne
790 2176 916 2262 saepius
929 2176 1045 2241 eadem
1061 2174 1224 2239 dicantur.

243 2298 274 2342 r..
295 2277 400 2363 (xri.)
422 2279 538 2344 Cutem
552 2280 585 2342 io
600 2279 705 2342 sneie¹
729 2278 869 2359 erugari,
882 2284 915 2341 et
928 2283 1143 2351 tenerescere,
1159 2282 1192 2340 et
1206 2295 1282 2341 cno-

198 2383 309 2447 dorem
339 2381 507 2446 custodire
531 2380 620 2445 lacte
651 2380 782 2445 asinino
813 2385 942 2462 potunt.
987 2377 1181 2459 Notumque
1207 2382 1280 2440 est²

196 2483 359 2567 quasdam
383 2482 534 2566 quotidie
564 2481 824 2565 septingenties·
853 2477 1040 2542 custodito³
1070 2495 1207 2540 numero
1233 2477 1283 2540 fo-

231 2681 244 2715 θ
262 2684 296 2732 Ut
304 2683 377 2732 droul
385 2698 438 2732 rur
447 2683 556 2742 erasmo
566 2680 668 2730 metm
678 2681 703 2730 to
713 2680 814 2746 effigiem
823 2693 887 2742 equa
899 2675 1024 2740 Olympio,
1033 2678 1073 2738 ξι.

201 2994 217 3038 t
234 2987 348 3038 Gronov.
365 2988 520 3037 mxime-6
534 2979 597 3035 Vel.
610 2985 700 3036 Dalee.
710 2983 829 3032 dolen-tt
846 2981 889 3030 lto
900 2978 975 3030 codd.
988 2977 1115 3030 lietduini
1128 2987 1156 3029 et
1165 2979 1225 3028 Vct.
1238 2981 1289 3030 Dt-

203 3054 249 3102 lee.
260 3054 320 3102 item
340 3052 466 3101 llrrduio.
479 3043 502 3100 i.
516 3055 540 3099 t.
551 3053 575 3098 u.
587 3059 615 3098 et
627 3057 737 3098 receutt.
760 3046 873 3111 eluctatio
884 3046 999 3095 Gronov.
1011 3057 1038 3094 et
1049 3047 1082 3094 ol.
1092 3049 1204 3095 vern-⁷
1224 3045 1288 3093 Voc.

202 3131 277 3168 aare·
287 3117 362 3166 deert
373 3119 397 3165 io
407 3118 468 3165 vet.
479 3115 571 3164 Delec-
604 3115 676 3168 Mox.
686 3113 761 3162 coitur
771 3117 853 3172 ageret
864 3110 931 3159 idem
944 3109 1003 3158 Vct.

236 3181 300 3230 Cur.
314 3193 337 3229 r.
368 3186 381 3228 1
400 3180 460 3228 ‘Ito
476 3179 542 3227 bene
554 3179 628 3228 eodd.
648 3177 729 3238 Regg.
741 3183 768 3224 et
784 3173 872 3224 Editio
889 3171 1148 3235 princeps.’13rorter.
1182 3169 1224 3220 Ite
1237 3185 1289 3218 om-

205 3258 250 3292 ner
262 3246 320 3292 edd.
337 3253 433 3304 preter
445 3243 572 3292 lierdnin.
583 3243 609 3290 lo
619 3255 669 3304 quo
684 3241 790 3303 legitur,
800 3240 871 3287 lolem
879 3238 956 3296 socie.
988 3237 1062 3297 Mox,
1073 3238 1169 3283 condem
1177 3235 1290 3282 curtodito

205 3310 263 3358 uere
273 3305 406 3358 cmm-u
422 3308 537 3356 Verbum
548 3311 583 3355 ert
600 3305 673 3354 deest
689 3305 715 3351 in
732 3301 788 3352 eod.
801 3304 942 3352 Doleo-t
961 3301 1001 3349 lto
1013 3300 1175 3349 Herdoiod.
1186 3302 1243 3346 m.
1261 3305 1290 3345 et

206 3381 317 3424 meentt.
331 3372 434 3436 quetidie
445 3372 479 3422 D.
490 3370 607 3420 munditer
618 3369 733 3419 Gronov.
744 3375 772 3417 et
784 3367 869 3430 vulgg.
896 3365 999 3430 qnotidie
1010 3364 1092 3414 DCC.
1102 3362 1217 3412 custodito
1234 3360 1291 3410 eod.

694 3525 802 3579 NOTAE

206 3647 268 3710 md
287 3649 339 3696 reis
358 3648 449 3700 επλαῖς.
485 3644 600 3693 Ltelem
619 3657 729 3706 equorum
768 3640 831 3689 imur
843 3651 882 3688 ιι.
893 3641 934 3686 70.

203 3725 259 3776 colli
276 3722 488 3787 sementeron
507 3734 622 3770 verruca
640 3720 730 3779 inetur,
800 3711 1035 3778 ”Horrcnrificorss
1052 3709 1249 3770 Munmr'dori.

205 3801 352 3861 &cogam
362 3804 385 3848 et
396 3797 531 3860 ungutam·
541 3811 620 3845 eurum
626 3795 730 3859 portium
800 3799 812 3834 ‘1
830 3791 924 3856 Efficax
934 3787 1045 3849 tutetur]
1062 3785 1162 3835 Plinius
1174 3786 1260 3833 Veler.
1273 3799 1292 3844 r.

200 3877 270 3940 flexu
280 3876 394 3926 indutui.
422 3873 588 3924 Verminam·
599 3872 625 3921 iu
637 3871 730 3927 Gellia,
766 3871 808 3916 dt.
840 3867 933 3916 Sextus
945 3863 1293 3922 Platanoneemproet

206 3953 299 4003 Sur-or.
768 3943 960 4006 umquem.
992 3941 1026 3992 Q.
1043 3939 1247 3988 Sermone-15.
1267 3949 1293 3997 p.

239 4037 251 4061 ¹²
268 4029 314 4076 Est
334 4033 412 4078 nutem
432 4025 474 4074 unc
501 4039 547 4074 non
572 4020 732 4086 hippomenes]
769 4022 825 4068 lut.
842 4018 910 4066 ‘Vel
933 4018 1000 4066 laete
1028 4015 1134 4078 capelle
1151 4011 1294 4068 Seuerenm

208 4106 268 4154 Non
285 4103 347 4153 illud
365 4103 482 4152 nimirum
500 4109 550 4164 ert,
561 4114 612 4164 qoo
629 4098 661 4147 de
678 4099 731 4161 egi·
769 4094 920 4156 deuter,vel
933 4092 1000 4142 terni
1011 4084 1219 4152 lellejmrmurl

207 4195 264 4230 mne
276 4192 337 4228 rur.
348 4183 389 4228 oo.
802 4178 814 4204 ⁸
830 4167 1017 4232 Septimontio]
1036 4165 1101 4214 Vide
1120 4165 1201 4214 Notus
1217 4169 1244 4214 et
1262 4164 1294 4213 F.-

242 4265 254 4290 0
270 4252 516 4316 Pretereur'ucerde]
534 4251 666 4315 Videqnae
677 4249 732 4298 dix·
771 4247 856 4297 mend.
867 4235 986 4295 odmtt.
