3136 4900
292 1005 368 1126 C.
409 1004 730 1121 PLINII
773 999 1212 1120 -SECUNDI

218 1253 223 1264 ’
364 1281 750 1372 Nsuuanuls
801 1279 1141 1372 nisuonuu

578 1545 745 1622 LIBER
783 1546 954 1622 XXXI.
990 1615 992 1618 .

561 1823 957 1836 -—-——-——

463 2040 571 2126 Aque,
591 2050 621 2103 et
634 2037 788 2104 medicine
802 2061 839 2104 ex
853 2042 1051 2127 aquatilibus.

216 2201 241 2246 1.
261 2180 322 2266 (ι.)
341 2161 606 2257 Αρυιιιιιιυιι
619 2181 849 2263 sequunturiu
861 2184 1029 2251 medicina
1040 2187 1213 2270 beneficia,
1228 2195 1301 2274 opi·

214 2283 282 2348 fiee
291 2288 408 2347 natura
422 2289 483 2344 ne¹
507 2281 625 2345 inillis
640 2281 775 2365 quidem
790 2289 956 2364 cessante,
978 2293 1012 2350 et
1027 2307 1085 2371 per
1099 2289 1206 2355 undas
1220 2293 1304 2358 fiuc-

215 2390 336 2465 tusqne
365 2401 408 2447 ac
433 2381 619 2464 reciprocos
645 2387 761 2458 aestua,
791 2385 1003 2468 amniumque
1026 2390 1161 2471 rapidos
1187 2410 1303 2457 cursus

215 2483 382 2565 improbas
408 2487 604 2546 exercente²
628 2481 736 2546 vires:
759 2501 921 2565 nusquam
944 2489 1095 2567 potentia
1117 2490 1250 2574 majore,
1273 2495 1304 2560 ai

216 2602 329 2648 verum
345 2574 441 2646 lateri
456 2583 632 2648 volumus:
652 2581 779 2665 quippe
798 2582 861 2646 hoc
883 2584 1078 2650 elementum
1100 2591 1218 2654 ceteris
1233 2612 1304 2656 om-

216 2684 315 2748 nibus
341 2683 494 2765 imperat.
538 2682 660 2746 Terras
681 2683 845 2748 devorant
865 2703 974 2767 aquae,
998 2687 1150 2754 flammas
1172 2702 1304 2771 necant,

217 2785 380 2849 scandunt
403 2784 437 2846 in
460 2783 614 2860 sublime,
639 2791 674 2846 et
696 2783 816 2847 coelum
832 2803 967 2866 quoque
990 2786 1054 2851 sibi
1070 2788 1249 2870 vindicant,
1265 2812 1305 2857 ac

217 2885 356 2950 nubium
370 2884 506 2948 obtentu
520 2883 653 2947 vitalem
670 2883 842 2965 spiritum·
856 2886 1080 2966 strangulant:
1103 2908 1181 2972 quau
1203 2909 1306 2956 causa

217 2984 356 3049 fulmina
369 2984 474 3061 elidit,
490 2984 567 3064 ipso
582 3000 696 3047 secum
712 2981 925 3048 discordante
944 2986 1079 3051 mundo.
1124 2987 1214 3068 Quid
1230 3011 1307 3057 esse

218 3084 403 3149 mirabilius
425 3088 543 3166 potest
562 3083 660 3165 aquis
684 3083 719 3146 in
745 3084 832 3147 coelo
857 3084 1046 3150 stantibust
1082 3088 1129 3153 At
1148 3089 1228 3168 illae,
1244 3110 1308 3156 ceu

219 3203 335 3266 parum
347 3185 392 3248 ait
402 3186 437 3248 in
447 3192 574 3248 tantam
585 3183 754 3266 pervenire
766 3178 987 3263 altitudinem,
1001 3189 1183 3270 rapiunteo
1195 3209 1308 3255 secum

219 3285 365 3367 piscium
379 3284 547 3360 examina,
567 3303 659 3366 saepe
673 3283 772 3348 etiam
782 3283 916 3366 lapides
927 3307 940 3346 :-
958 3287 1215 3370 subeuntque,³¹’
1228 3308 1308 3371 por·

254 3574 321 3627 Can.
332 3589 351 3626 ι.
385 3578 398 3623 l
417 3573 502 3626 chiffl.
519 3578 618 3627 necet
636 3575 678 3625 ltu
693 3587 726 3623 ax
744 3573 822 3624 codd·
840 3574 989 3625 Heuduinua
1007 3583 1035 3627 et
1053 3586 1164 3632 receuti.
1190 3589 1315 3633 emta

223 3637 336 3690 Gronov.
348 3646 376 3690 et
387 3641 523 3704 valgia-t
541 3639 583 3689 Ita
600 3653 633 3690 ex
645 3638 719 3690 codd.
732 3637 881 3690 lietduinus
891 3647 920 3690 et
931 3650 1043 3693 recente.
1068 3659 1130 3707 supe
1140 3645 1213 3695 nium
1222 3647 1314 3710 lapidee

713 3799 819 3851 NOTAE

255 3911 388 3962 *Vitalem
404 3908 528 3975 spiritua]
550 3909 655 3961 Aliaeu.
687 3910 749 3975 lpse
788 3912 870 3962 ultum
896 3913 957 3962 dum
978 3913 1087 3977 rixetur,
1108 3913 1179 3963 edita
1201 3911 1312 3976 fragore,

225 3987 340 4052 superius
351 4001 381 4038 ιι.
389 3991 430 4038 m.
443 3987 526 4037 varim
538 3987 679 4038 tonitruum
690 4001 748 4036 can·
788 4000 845 4037 eum
856 3986 994 4050 erumpat?

225 4077 267 4112 aas
289 4059 413 4111 afferam:
439 4061 559 4122 ‘Pomm'
577 4061 623 4124 nit,
645 4061 693 4111 ‘et
709 4076 748 4112 re·
821 4060 1008 4125 'Selmena
1034 4061 1185 4112 decendunt
1205 4060 1231 4110 in
1253 4059 1311 4112 anb-

226 4138 303 4200 pulau
314 4136 425 4186 siderum
442 4136 602 4199 deprensum,
615 4137 658 4202 qni
671 4152 685 4186 a
697 4145 749 4186 ter·
789 4136 858 4186 lime.
899 4135 1001 4186 Plinius
1023 4149 1054 4186 ιι.
1075 4140 1116 4186 dt.
1133 4135 1236 4202 ‘Aquae
1253 4137 1314 4188 sub·

227 4225 255 4260 ra
278 4211 411 4269 meaverit,
433 4213 549 4276 spiritum
568 4212 636 4261 naim
653 4211 750 4262 sohibi·
791 4221 853 4264 eunt
864 4213 889 4264 in
901 4212 1072 4277 imbrea,’&e.

170 4323 174 4330 .
228 4293 283 4338 tum
294 4295 393 4344 tenere,
410 4295 501 4339 natura
518 4286 694 4352 strangulante
710 4301 751 4338 m·
