3100 4898
456 437 539 486 ner.
564 437 661 488 nasu.
688 437 755 486 ms.
779 435 925 488 nsvin.
947 423 1000 490 22.
1185 419 1269 491 6881

183 579 426 646 l'eculiaritcrt
450 579 539 643 valet
563 587 680 661 potum
699 584 813 643 contra
827 597 964 658 venenu,
980 597 1054 663 quae
1070 581 1150 646 data
1165 590 1274 646 sonte

182 683 309 746 marino
326 682 451 762 lepore,
476 681 720 763 buprestique,q
742 689 786 757 et,
807 687 845 744 ut
862 682 1061 746 Aristoteles
1080 683 1190 759 tradit,
1213 683 1275 747 do·

183 783 357 865 rycnion.¹⁰
401 779 444 844 Et
470 787 587 844 coub'a
606 782 782 858 insaniam,
804 801 884 864 qum
904 782 995 847 iacta
1017 783 1061 846 sit
1079 783 1275 866 hyoscyami

184 891 277 966 potu.
299 880 464 962 Podagris
478 883 763 965 quoqoe'jnbent
775 882 858 946 illini
873 901 947 946 oum
964 883 1099 948 cicuras
1121 881 1192 947 Alii
1200 903 1275 948 cum

186 988 329 1067 oesypo¹
361 990 397 1046 et
423 981 522 1063 adipe
551 985 720 1046 anserino:
754 983 897 1065 qualiter
925 986 1027 1048 etiarn
1042 992 1065 1024 ¹¹
1102 984 1274 1048 vulvarum

186 1084 357 1149 doloribus
373 1085 567 1166 imponitur.
608 1082 733 1148 Alvum
753 1085 853 1150 etlam
874 1087 963 1149 sistit
976 1093 1103 1168 potum,
1119 1094 1156 1149 ut
1172 1083 1277 1148 Rabi-

187 1185 271 1256 rjus⁸
291 1185 420 1260 scribit,
447 1191 480 1248 et
502 1203 632 1248 meuses
657 1185 734 1248 ciet.
777 1183 862 1268 Ejus
886 1195 991 1261 vero,u
1013 1205 1091 1271 quae
1108 1186 1277 1251 smmioam

188 1285 290 1350 enixa
299 1286 354 1360 sit,
369 1285 413 1348 ad
428 1285 512 1349 vitia
526 1291 654 1348 tautum
671 1285 704 1348 in
718 1281 806 1348 facio
820 1285 972 1350 mnanda
986 1287 1152 1370 praevalet.
1197 1287 1279 1350 Pul·

186 1405 318 1452 monum
332 1393 483 1468 quoque*
497 1385 707 1449 incommoda
722 1385 810 1450 laeto
821 1387 970 1451 mulieris
985 1395 1164 1452 sanantur:
1181 1387 1235 1451 cui
1250 1389 1280 1451 si

190 1486 410 1552 admisceatur
432 1485 578 1568 impubis
597 1486 692 1569 pueri
711 1485 818 1564 urina,
836 1487 888 1550 rel
905 1487 970 1550 mel
990 1486 1154 1564 Atticum,
1169 1488 1281 1552 omnia

189 1587 388 1669 singulorum
410 1586 634 1652 cochlearium
656 1603 822 1664 mensura,
842 1595 1045 1651 murmore¹¹
1066 1605 1201 1670 qnoque
1221 1607 1282 1652 au-

190 1689 274 1752 rium
288 1689 362 1772 ejici
374 1687 519 1752 invenio.
562 1686 646 1769 Ejus
660 1705 737 1769 qum
753 1704 877 1750 marem
892 1687 1023 1770 peperit
1036 1688 1124 1752 lacto
1132 1694 1279 1770 gustato,
1357 1669 1359 1676 ⁵

193 1808 294 1856 canes
308 1791 461 1855 rabiosos
477 1787 547 1852 fiori
561 1793 695 1869 nogant.

238 1907 338 1955 xxrr.
360 1890 513 1954 Mulieris
528 1907 661 1972 quoque
671 1888 815 1953 salivam
827 1895 837 1926 ¹
851 1895 864 1924 ⁸
872 1886 1000 1972 Jejunae
1008 1896 1179 1972 potentem
1195 1889 1281 1974 diju-

194 1992 422 2059 dioantoculis
432 1989 621 2056 cruentatis.
652 1988 740 2054 Etsi
755 1987 895 2053 contral
908 1989 1109 2073 epiphoras,²
1118 1990 1284 2055 ferventes

664 2091 680 2120 d*

647 2180 825 2204 nummu

195 2307 211 2352 9
226 2302 286 2352 Vel.
296 2301 388 2350 Daleo.
407 2301 463 2350 lurra
477 2301 573 2350 narina
590 2301 756 2350 inditam-ld
773 2299 816 2349 lis
831 2313 864 2350 ex
880 2299 956 2350 codd.
968 2299 1116 2349 llardoiuus
1135 2305 1163 2348 et
1174 2305 1286 2350 amenti.

197 2367 350 2428 walion,
360 2371 386 2413 al
398 2365 594 2426 Aristoteles,l5o.
611 2363 726 2414 Gronov.
737 2371 766 2413 et
776 2364 836 2427 rolg
855 2399 862 2414 .
879 2365 1028 2427 baprerliqse
1038 2369 1062 2413 et
1072 2369 1098 2412 ul
1110 2366 1143 2412 Δ.
1154 2369 1236 2412 costra
1246 2366 1287 2414 do·

196 2431 293 2494 meaios
303 2426 451 2478 chisti-ll
470 2425 552 2478 Cbiffl.
570 2428 672 2490 qualiter
681 2431 780 2477 ela-li
854 2428 879 2475 d.
891 2430 984 2478 Dalec.
995 2437 1022 2477 et
1034 2425 1117 2476 chiffl.
1134 2441 1259 2476 ramnum.

230 2493 297 2542 car.
308 2504 380 2542 xxrr·
413 2496 427 2541 t
446 2491 486 2540 lta
500 2489 576 2540 codd.
593 2489 730 2549 lierduini,
741 2492 871 2540 Dslec.et
882 2490 967 2540 chiffl.
980 2505 1037 2539 com
1049 2489 1108 2538 edd.
1121 2490 1247 2538 llarduln.
1263 2495 1285 2539 1.
1340 2511 1346 2533 ι

198 2560 225 2605 9.
240 2560 265 2605 9.
280 2564 308 2605 et
325 2559 436 2604 receuti.
463 2554 573 2603 illalieria
588 2555 686 2604 sallom
700 2569 788 2618 «Μαι
805 2553 920 2604 Grouor.
933 2562 960 2602 et
971 2555 1005 2601 al.
1016 2555 1129 2601 vett-2
1150 2553 1181 2602 st
1192 2553 1235 2613 sia,
1246 2555 1286 2614 ire.

199 2621 291 2670 Dalee.
308 2620 442 2675 ‘Mallem
451 2619 485 2668 ΕΙ
494 2624 576 2668 casira
585 2619 717 2682 epiphoras,
726 2618 874 2678 aissroaslra
882 2617 981 2680 sagati:
992 2620 1033 2680 ξι.
1049 2617 1161 2665 Brutier.

688 2777 795 2829 NOTAE

235 2873 432 2936 rl’aealiariler]
456 2875 576 2924 Dicaeos.
605 2875 655 2924 lae.
680 2874 726 2923 cir.
764 2885 820 2922 rom
833 2880 882 2922 est.

199 2947 306 3013 ‘missa
320 2949 345 3000 tt
362 2949 401 2998 asi
415 2948 473 3014 spis
489 2947 585 3012 λαγωοῦ
597 2949 728 3001 θαλασσίων
796 2958 808 2984 ¹
827 2949 887 3010 Eius
902 2947 968 3011 aero]
985 2947 1017 2998 ln
1035 2947 1135 2996 ratione
1153 2947 1235 2996 victua
1251 2945 1291 2995 lac

201 3024 280 3076 stau.
765 3024 921 3088 ejuscemodi
939 3025 1031 3074 laudat
1046 3024 1169 3078 Galenus,
1188 3020 1220 3070 de
1241 3022 1292 3072 Re·

235 3101 433 3166 uBsprealiqae]
458 3101 605 3151 Scribonius
628 3101 727 3164 Largus
764 3099 833 3150 med.
854 3099 930 3149 iseile
951 3100 1040 3163 parab.
1063 3106 1126 3148 tour.
1147 3110 1176 3146 x.
1197 3096 1243 3148 lib.
1261 3110 1292 3146 rr.

202 3178 324 3240 Compos·
337 3181 391 3226 199.
402 3177 433 3226 ad
445 3176 594 3238 buprestim.
766 3189 827 3238 pag.
838 3178 895 3224 669.

236 3247 589 3315 'Podagria...csrscieata]
607 3250 729 3300 Dioscor.
798 3249 968 3298 'Petamne
985 3246 1084 3313 qaoque]
1105 3243 1145 3294 Ad
1164 3245 1292 3308 pulmonis

202 3331 251 3379 lor„
262 3329 308 3378 cit.
320 3343 377 3376 euru
386 3336 475 3377 aerato
484 3335 509 3374 et
522 3326 590 3389 opio,
601 3324 645 3374 cir
653 3342 730 3385 pace·
767 3325 864 3386 ulcera,
876 3332 903 3372 et
915 3323 947 3372 ad
960 3321 1057 3384 tabem,
1067 3320 1230 3370 commendat
1241 3318 1291 3368 Ga·

205 3405 247 3467 ets
257 3403 295 3453 ssi
308 3404 404 3468 app-ri
416 3399 608 3464 καταχριόμενον.
768 3399 841 3448 lenos
862 3397 895 3446 de
915 3397 1004 3447 Bonit.
1021 3405 1049 3445 at
1071 3396 1126 3444 vir.
1143 3395 1295 3455 Succorum,

237 3489 246 3512 ·
262 3479 315 3529 Alii
325 3494 376 3528 cam
387 3476 476 3540 cappo]
494 3478 561 3526 Vide
572 3489 638 3524 m.
650 3478 691 3524 96.
770 3482 832 3524 tuor.
846 3486 884 3524 rt.
894 3487 953 3536 esp.
963 3477 988 3522 4.
1000 3487 1059 3536 pag.
1070 3473 1127 3522 196.

239 3557 247 3586 ⁸
267 3554 300 3604 Ul
318 3551 444 3616 Italidas]
461 3553 509 3602 lbr
528 3565 589 3600 sane
609 3551 639 3600 C.
656 3549 731 3600 liabi-
802 3556 814 3584 ⁸
831 3549 941 3597 Mulieris
956 3563 1045 3612 proper
1059 3545 1170 3610 salicam]
1185 3546 1297 3596 Mareel-

205 3627 259 3678 rius
272 3627 348 3692 polita
360 3627 463 3692 Epicur,
475 3626 548 3690 eujus
559 3625 733 3678 Quintilianus
770 3627 809 3674 lus
821 3624 918 3688 Empir.
929 3637 987 3687 cap.
996 3627 1019 3672 9.
1032 3637 1093 3686 pag.
1104 3626 1145 3671 69.

206 3704 322 3754 meminit
334 3704 379 3754 lib.
388 3716 416 3752 x.
426 3709 453 3752 et
465 3701 588 3756 Ovidrle
601 3701 687 3750 Ponto
697 3714 734 3750 rr.
803 3699 815 3734 9
834 3701 866 3750 Et
883 3700 906 3749 ai
922 3701 1017 3764 eontra]
1039 3699 1180 3748 Marcellus
1200 3695 1298 3758 llmpb⁸

208 3784 249 3829 16.
262 3785 287 3829 6.
304 3781 387 3830 ‘Cum
405 3777 473 3828 soret
490 3787 518 3827 at
537 3778 647 3831 Marsua,
665 3791 733 3840 mag·
772 3790 830 3839 cap.
844 3780 867 3826 8.
885 3779 993 3838 pag-dl.
1014 3775 1061 3824 ‘Si
1077 3773 1189 3824 mulieris
1208 3773 1298 3830 saliva,

207 3854 285 3917 nique
297 3854 416 3904 Rabirius
426 3851 494 3902 oris!
526 3850 734 3915 Senrcs,deBe·
773 3865 829 3915 que
848 3865 949 3915 pueros,
958 3862 1009 3899 non
1029 3849 1127 3913 puellas
1139 3846 1259 3908 ediderit,
1270 3854 1299 3894 ot

208 3929 264 3982 nef.
284 3945 323 3981 vr.
343 3935 368 3981 6.
388 3927 521 3994 ‘Egregie
546 3929 605 3977 mibi
633 3927 735 3977 ridetur
773 3924 927 3976 abstinuerit
948 3937 982 3974 aa·
1000 3924 1083 3986 pridie
1102 3924 1169 3977 uino,
1189 3928 1216 3969 et
1234 3920 1298 3970 cibis

209 4010 248 4060 bl.
257 4008 385 4059 duronius
395 4005 463 4071 apud
474 4005 605 4054 Rabirium
613 4001 736 4069 poitsru:
773 4000 924 4061 acrioribus,
935 4005 963 4050 at
974 3999 1095 4062 inprimis
1112 3998 1133 4046 ai
1151 4009 1214 4058 para
1224 4003 1251 4042 st
1262 3995 1299 4043 ni·

209 4091 260 4136 dre.
292 4084 445 4134 bledieuaue
465 4081 532 4130 idern
550 4095 581 4130 ac
601 4087 673 4130 uates
692 4093 738 4126 ea·
775 4076 829 4128 tide
840 4076 901 4133 erit,
913 4075 1019 4138 angulos
1030 4073 1159 4124 oculorum
1174 4069 1302 4132 tetigeris,

211 4162 304 4221 ritant,
316 4174 349 4209 su
358 4159 390 4208 de
402 4155 478 4206 rebus
490 4155 596 4206 medicis
606 4153 695 4217 ipsein
708 4167 739 4204 aa
776 4165 876 4202 omnam
895 4147 1064 4199 acritudinem
1084 4143 1245 4207 lippitudinis
1264 4144 1300 4194 lc·

212 4243 271 4288 arta
286 4237 378 4302 boapes
394 4245 498 4284 carmen
514 4229 635 4294 ediderit,
648 4227 738 4280 obsco·
776 4225 1031 4290 niea,bumoremque
1044 4219 1182 4280 siccabis(
