3148 4888
258 347 345 416 4238
622 365 656 414 c.
680 364 797 418 rursu
823 363 986 414 saeuum

305 525 418 574 xvrrr.
440 507 610 572 Ranarum
621 508 821 573 marinarum
834 527 878 574 ex
890 509 968 574 vino
979 515 1012 574 et
1025 514 1121 574 aceto
1133 507 1345 574 decoctarum

260 630 381 675 succus
395 618 510 675 contra
524 619 671 675 renena¹
688 610 824 690 bibitur,
837 620 870 675 at
884 615 1000 676 contra
1014 629 1102 676 ranae
1117 610 1240 674 rubetae
1255 628 1349 674 vene·

261 731 354 790 unm,
374 719 409 776 nt
427 719 542 776 contm
562 710 799 776 salamandras.
844 710 874 773 E
897 706 1156 788 fludatilibus,²¹
1181 709 1212 772 si
1233 727 1348 773 carnes

262 814 413 892 edantur,
423 813 527 897 jnsre
541 812 757 878 decoctarum
769 813 954 889 seruntur,
969 817 1108 895 prosunt
1122 815 1158 874 et
1171 816 1289 874 canna
1301 810 1349 874 le·

264 936 377 998 porum
389 917 563 992 marinum,
574 922 609 978 et
618 922 736 980 contra
747 922 918 996 serpentes
934 932 1039 996 snpra
1049 911 1182 976 dictas-¹
1227 908 1352 976 Contra

263 1017 459 1101 scorpiones
481 1036 524 1082 ex
546 1017 633 1081 vino.
677 1015 888 1080 Democritus
912 1014 1076 1096 quidem¹¹1
1099 1012 1208 1088 tradit,
1222 1013 1253 1076 si
1275 1013 1352 1094 quis

225 1117 229 1130 ’
264 1118 420 1183 extrahat
442 1136 531 1182 ranae
553 1119 702 1184 vivonti⁴
720 1118 878 1199 linguam,
893 1115 985 1180 nulla
1006 1115 1072 1179 alia
1087 1117 1235 1198 corporis
1255 1123 1352 1197 parte

264 1217 478 1295 adhaerente:
492 1217 634 1301 ipsaque
648 1217 786 1282 dimissa
800 1217 834 1279 in
849 1217 1147 1300 aquam,·imponat
1162 1235 1263 1300 snpra
1281 1235 1353 1281 cor·

265 1318 317 1382 dis
341 1317 593 1400 palpitationem
617 1317 747 1382 mulieri
769 1317 954 1396 dormienti,
974 1336 1193 1401 quaecumque
1216 1319 1353 1382 interro·

266 1420 403 1502 gaverit,
418 1438 496 1484 vera
518 1437 758 1502 responsuram.
801 1416 940 1481 Addunt
963 1418 1144 1490 etiamnum
1164 1417 1232 1482 alia
1253 1420 1353 1501 magi,

266 1541 341 1603 quae
365 1520 396 1584 si
417 1540 497 1586 vera
519 1527 605 1599 sunt,
620 1519 724 1584 multo
746 1517 895 1582 utiliores
917 1520 995 1584 nitar
1010 1519 1239 1584 existimentur
1252 1538 1354 1598 rante,

267 1639 366 1702 qnam
381 1621 497 1704 leges.¹¹
543 1620 697 1703 Namque
713 1618 871 1682 arundine
887 1618 1045 1682 transfixa
1059 1627 1178 1684 natura
1189 1639 1247 1703 per
1260 1638 1310 1698 os,
1324 1621 1356 1684 si

267 1721 417 1786 surculus
445 1721 479 1783 in
503 1721 679 1784 menstruis
704 1717 866 1800 defigatur
892 1737 913 1782 a
938 1719 1071 1798 marito,
1097 1719 1355 1786 adulteriornm⁵

267 1819 404 1884 taedium
427 1818 522 1893 fieri!
566 1818 731 1883 Carnibus
754 1836 865 1882 earum
889 1818 923 1880 in
944 1819 1100 1885 hamum⁶
1123 1821 1258 1899 additis,
1273 1841 1357 1904 prae·

267 1920 366 2002 cipue
388 1938 550 2003 purpuras
571 1927 695 1984 certum
717 1926 769 1983 est
791 1918 891 1984 allici.
934 1921 1034 1986 Jecur
1055 1931 1168 1988 ranae⁰
1190 1925 1356 2007 geminum

268 2039 342 2084 asse
370 2019 496 2096 dieunt,
527 2019 699 2103 objiciqne
726 2019 875 2084 formicis
906 2029 1076 2103 oportere:
1114 2043 1187 2088 cam
1217 2031 1356 2106 partein,

268 2140 369 2202 quam
393 2125 565 2204 appetant,
590 2127 701 2186 contra
727 2123 839 2186 omnia
864 2141 993 2186 venena
1014 2143 1089 2189 esse
1114 2146 1174 2208 pro
1196 2126 1357 2192 antidoto.

270 2221 354 2285 Sunt
380 2241 456 2304 quae
487 2222 520 2284 in
548 2222 706 2304 vepribus
736 2225 863 2285 tantum
890 2223 1013 2300 vivuat,
1040 2225 1083 2288 ob
1108 2225 1141 2288 id
1169 2226 1359 2291 rubetarum
1398 2243 1403 2256 ·

269 2320 409 2396 nomine,
434 2327 474 2384 nt
496 2319 670 2397 diximus?
695 2341 778 2403 quas
802 2319 914 2386 Graeci
939 2323 1086 2407 phrynos
1110 2331 1245 2404 vocant,
1266 2346 1359 2408 gran-

268 2420 415 2484 dissimae
437 2427 641 2499 cunctarum,
657 2423 795 2503 geminis
815 2423 918 2488 veluti
934 2425 1100 2503 cornibus,
1114 2426 1223 2509 plenae
1238 2428 1361 2492 venefi-

256 2635 261 2647 ·
302 2619 314 2645 ³
331 2611 359 2661 st
369 2613 433 2661 satio
442 2611 491 2661 aiio
500 2617 567 2675 parte
576 2613 688 2675 emporis,
698 2629 767 2676 mum
777 2614 869 2676 iiam.
879 2630 938 2666 mro
948 2618 1091 2668 ndioerereot
1102 2619 1124 2667 ei
1134 2621 1175 2682 qni
1184 2620 1300 2670 extrahit.

287 2737 293 2749 ⁹
303 2671 314 2705 ⁸
333 2675 395 2724 Naar
403 2678 517 2726 arundine
529 2677 646 2740 nmcfisn
654 2692 697 2740 per
711 2693 777 2726 roaoe
784 2681 901 2742 pudendo,
917 2683 948 2729 ud
958 2697 985 2730 oc
994 2697 1075 2748 uque,
1089 2685 1111 2731 σι’
1121 2685 1227 2733 surculus
1236 2685 1277 2734 tta
1287 2700 1301 2734 u
1311 2699 1360 2733 ns—

270 2741 318 2786 nto
327 2739 446 2804 defigatur
455 2741 482 2789 is
491 2741 617 2790 maante
628 2741 901 2801 winmusterium
910 2749 938 2793 ut
949 2746 1032 2795 netur
1041 2747 1158 2797 adniteris
1167 2749 1269 2798 tonat

727 2901 908 2925 onumen

271 3025 329 3061 cum
344 3011 404 3060 edd.
421 3011 548 3061 Hardnin.
562 3018 583 3063 Ι.
593 3019 619 3063 a.
631 3019 656 3064 ⁸.
673 3023 701 3065 at
711 3024 822 3068 recentt.
846 3019 903 3068 itera
914 3024 938 3068 et
954 3019 1017 3083 cybii
1033 3023 1149 3084 Μαίη
1161 3021 1275 3074 Gronov.
1286 3028 1315 3074 et
1326 3025 1360 3072 ai.

272 3081 385 3124 vett-⁵
403 3076 464 3124 Vct.
475 3077 568 3125 Dulce.
581 3082 681 3126 tontum.

304 3139 370 3188 Car.
385 3151 467 3188 xvnr.
499 3142 513 3187 l
539 3141 601 3190 vet.
623 3141 712 3191 Dsiec.
731 3148 812 3192 contro
830 3159 857 3194 er
874 3151 1016 3196 reama—2
1034 3147 1077 3196 lta
1096 3149 1171 3198 codd.
1190 3147 1316 3198 Hardnini
1334 3157 1362 3200 et

273 3200 356 3250 chiffl.
372 3216 429 3252 eum
447 3201 508 3252 edd.
528 3202 654 3253 Hardniu.
675 3207 698 3252 l.
717 3207 743 3255 2.
759 3211 785 3255 8.
804 3213 832 3256 et
850 3217 960 3258 recentt.
1012 3212 1121 3262 unintiler
1145 3213 1258 3263 Gronov.
1281 3219 1308 3262 et
1326 3215 1361 3262 ai.

272 3269 385 3314 reta-2
402 3263 486 3316 enim.
498 3267 630 3316 dictos-⁴
648 3266 733 3318 curm
749 3270 830 3320 trudet
843 3287 909 3321 roaoe
919 3209 1079 3325 arcesila-a
1097 3277 1159 3325 Vct.
1172 3277 1261 3325 Deice.
1270 3277 1359 3326 adnite-

271 3330 764 3382 ronta.-61tsexcodd.ssardoinur
783 3343 811 3384 et
830 3344 940 3386 recenti.
971 3352 1050 3388 emm
1066 3340 1103 3389 cei
1115 3341 1182 3390 Ιιωο
1200 3341 1314 3390 Gronov.
1333 3346 1361 3390 et

763 3480 871 3534 Nom

272 3571 795 3658 ntore.rr.ps.apameaaudcmaar·
837 3595 906 3662 qnod
933 3597 967 3647 de
994 3597 1096 3648 bubone
1119 3599 1238 3663 superius
1263 3599 1360 3658 retulit,

272 3659 374 3722 sextris,
384 3655 544 3713 adherat
553 3663 612 3726 iaud
622 3667 674 3716 terr
686 3665 742 3731 spis
751 3668 797 3728 τὴν
838 3685 918 3721 xxix.
930 3677 971 3722 2⁰.

273 3739 300 3786 dtr
309 3739 353 3795 riis
364 3735 466 3796 deduius
476 3739 548 3787 αὐτοῦ
558 3740 662 3802 πληγήν.
859 3753 881 3786 -¹¹
899 3748 975 3804 Quum
985 3747 1059 3812 leget]
1077 3749 1116 3798 De
1128 3749 1270 3808 adulteriis,
1288 3758 1316 3800 et
1327 3751 1361 3800 de

307 3813 313 3848 ¹
331 3815 355 3863 Ε
365 3813 539 3878 ssuriotr'iidus]
563 3817 681 3867 Dioscnr.
702 3831 735 3866 rr.
756 3821 797 3871 28.
838 3821 977 3886 pudicitia:
995 3825 1084 3889 quates
1104 3825 1137 3875 ab
1156 3825 1276 3890 Augusto
1292 3827 1362 3885 lutae.

272 3887 361 3937 iisdem
373 3889 473 3938 verbis:
490 3888 609 3952 Βάτραχοι
624 3890 798 3956 braduam
837 3904 868 3947 ut
890 3898 971 3950 refert
990 3901 1151 3966 Tranquillas
1169 3903 1195 3952 in
1215 3902 1271 3968 rjru
1289 3903 1360 3960 vita,

272 3964 331 4014 duo
352 3963 454 4028 tpmav
474 3964 576 4026 torar,
596 3965 751 4028 ζομινθίηυ
772 3969 798 4017 ἐν
838 3977 913 4024 aad.

272 4038 606 4163 igac‘iadiauimoifupoi
621 4043 799 4105 λαμβανομένου
869 4047 1065 4112 ‘decurrendi
1086 4050 1153 4100 Vide
1173 4065 1230 4116 que
1251 4052 1360 4106 diximus

286 4133 365 4175 μους.
837 4125 930 4171 xciii.

304 4197 322 4223 ¹·
346 4191 495 4241 Democritus
518 4192 621 4256 muers]
647 4194 735 4246 simiis
755 4199 796 4244 est
868 4196 1262 4261 citramontanam.
