3148 4888
266 349 353 414 4240
632 365 663 412 o.
687 363 807 414 rursu
831 362 995 413 securior

267 514 302 572 et
324 509 438 568 contra
463 504 633 586 leporem·
658 506 828 583 marinum,
854 526 894 571 ac
920 525 1032 571 ranam
1057 507 1218 571 rubetam.
1262 505 1352 572 Ciuis

267 625 380 669 eorum
405 612 553 668 servatus
578 605 713 688 prodest
734 626 858 689 pavore
880 614 979 690 potus
1001 605 1289 690 periclitantibuss
1312 629 1354 674 ex

266 708 360 770 canis
375 707 498 770 rabiosi
514 708 684 772 morsibus.
729 706 877 785 Quidam
893 708 1076 792 adjiciuntz
1093 708 1307 786 Gentianam,
1323 713 1356 772 et

267 809 348 874 dant
369 810 402 872 in
425 810 512 872 rino.
559 809 648 872 Nam
672 809 723 872 si³
742 809 815 892 J'am
839 828 943 892 pavor
961 811 1186 893 occupaverit,
1201 812 1354 893 pastillos

266 911 345 974 vino
373 913 533 976 subactos
558 910 763 975 devorandos
787 911 835 976 ita
861 912 1071 996 praecipiunt.
1125 914 1253 977 Decem
1277 931 1354 977 vero

266 1014 395 1076 cancris
416 1032 491 1076 curn
515 1011 615 1075 ocimi
635 1012 805 1094 manipulo
828 1011 985 1094 alligatis
1000 1031 1114 1077 omnes
1138 1014 1197 1097 qni
1219 1013 1266 1076 ibi
1290 1012 1356 1076 sint

266 1115 459 1196 scorpiones
484 1114 528 1178 ad
552 1133 628 1177 eum
652 1112 763 1177 locum
786 1115 934 1178 coituros
956 1114 1043 1196 magi
1064 1114 1199 1177 dicunt:
1224 1109 1355 1176 etcum

266 1215 374 1278 ocimo
388 1215 479 1297 ipsos
493 1216 679 1278 cineremve
694 1234 805 1279 eorum
821 1216 992 1299 percussis
1010 1216 1194 1297 imponunt.
1238 1213 1355 1278 Minus

265 1315 298 1378 in
321 1315 474 1378 omnibus
495 1315 547 1378 bis
569 1316 686 1379 marini
706 1323 859 1399 prosunt,
875 1315 1146 1400 uthrasyllus⁴
1161 1323 1353 1380 auctorest.

266 1415 360 1480 Nihil
382 1414 513 1479 autem¹¹
536 1435 632 1498 aeque
652 1416 820 1481 adversari
841 1417 1065 1500 serpentibus,
1079 1436 1179 1499 quum
1201 1435 1352 1493 cancros,

264 1537 410 1600 suesque
425 1515 618 1600 percussasi
633 1517 696 1583 boc
709 1520 837 1601 pabulo
852 1520 917 1582 sibi
932 1519 1067 1582 mederi.
1112 1515 1197 1581 Cum
1213 1518 1272 1582 Sol
1287 1518 1353 1582 sit5

264 1621 297 1688 iu
312 1617 455 1694 Cancro,
469 1619 615 1700 torqueri
636 1624 818 1701 serpentes.
861 1618 991 1684 Ictibus
1007 1620 1219 1703 scorpio'nnm
1233 1625 1268 1682 et
1282 1637 1354 1682 carr

262 1738 322 1782 nes
350 1718 559 1804 fluuiatilium
588 1719 797 1783 cochlearum
827 1721 988 1784 resistunt
1015 1721 1126 1786 crudae
1156 1721 1210 1782 vel
1236 1727 1352 1783 coctae.

264 1816 410 1895 Quidam
437 1821 489 1908 ob¹
510 1821 546 1884 id
575 1821 683 1884 salsas
712 1839 847 1904 quoque
877 1831 1062 1887 asservant.
1114 1821 1296 1905 Imponunt
1319 1827 1353 1883 et

262 1918 347 2001 ipsis
377 1919 499 2002 plagis.
557 1920 712 1986 coracini
745 1922 857 2005 pisces
889 1922 968 1987 Nilo
1000 1922 1134 2006 quidem
1166 1921 1352 2003 peculiares

263 2027 359 2084 sunt:
387 2021 508 2086 sedet
534 2021 620 2085 nos⁶
647 2019 741 2086 baecj
772 2023 926 2087 omnibus
957 2025 1052 2088 terris
1081 2022 1353 2086 demonstramus.

263 2119 389 2186 Carnes
410 2142 523 2188 eorum
546 2122 708 2186 adversus
731 2125 925 2207 scorpiones
946 2124 1060 2188 valent
1073 2124 1253 2205 impositae.
1297 2121 1353 2184 In·

262 2227 314 2284 ter
340 2242 465 2287 venena
489 2227 567 2288 suut
589 2224 757 2305 piscinm⁷
779 2225 875 2307 porci
897 2220 1035 2288 marinik
1055 2226 1162 2307 spinae
1185 2223 1217 2285 in
1240 2222 1352 2296 dorso,

261 2324 409 2386 cruciatu
432 2343 554 2406 magno
580 2323 753 2388 laesorum:
781 2324 926 2389 remedio
949 2329 1002 2389 est
1025 2325 1125 2389 limus
1150 2343 1195 2387 ex
1219 2323 1352 2406 reliquo

261 2421 406 2503 piscium
423 2443 535 2488 eornm
551 2442 699 2505 corpore.

717 2601 776 2622 mo
779 2602 866 2626 neue
869 2605 898 2624 Ν

260 2716 381 2766 adsit—³
401 2717 464 2766 Nom
478 2719 500 2766 ri
517 2717 577 2764 Vet.
591 2718 731 2766 nerea—4
750 2719 870 2769 stadins
881 2719 1012 2770 cuim-⁵
1032 2721 1092 2769 Cum
1102 2719 1136 2767 aci
1146 2722 1183 2767 ert
1194 2719 1228 2766 11.
1241 2733 1283 2781 up.
1296 2718 1354 2768 De·

260 2780 359 2890 leci-⁶
376 2780 490 2830 Gronov.
503 2788 530 2831 et
543 2782 574 2830 ιΙ.
587 2789 647 2832 ante
668 2781 795 2833 Harduin.
812 2787 855 2834 red
870 2788 967 2834 nce-t
983 2784 1043 2834 Ver.
1053 2784 1144 2834 Datec.
1157 2797 1243 2832 mnu
1252 2782 1354 2847 piscium

259 2857 304 2890 ιιι
317 2877 323 2892 .

752 2941 859 2992 NOTAE
950 2947 952 2952 ’

260 3049 299 3095 17.
318 3059 343 3108 p.
355 3050 412 3096 226.
431 3049 554 3113 ‘Musque
572 3065 690 3110 araneus,
709 3067 784 3116 quem
825 3052 981 3104 medentur!

260 3121 348 3172 Graeci
367 3122 490 3182 σκιηόλην
505 3126 646 3188 appeliant,
668 3126 785 3188 quamvis
857 3128 864 3162 ¹
880 3128 985 3192 Sumque
1006 3127 1138 3192 percussos]
1159 3128 1199 3177 De
1218 3127 1305 3178 unibus
1322 3143 1350 3177 a·

259 3197 360 3259 exiguis
371 3199 500 3260 dentibus,
518 3215 568 3249 non
588 3200 706 3261 exiguam
726 3216 784 3264 per·
826 3200 957 3265 arentibus
974 3203 1088 3268 prodidit
1103 3203 1151 3254 boc
1163 3204 1277 3254 AEliunna
1288 3204 1349 3254 Ver.

259 3275 442 3325 temmclitur!
465 3277 548 3325 Etiam
566 3276 783 3336 etpmaabnun·
826 3278 897 3327 Hirt.
908 3282 933 3326 7.
1043 3324 1047 3332 ,

259 3357 382 3410 cupatur,
390 3357 420 3400 ut
431 3351 491 3400 alibi
504 3351 656 3400 monuimus.
853 3352 862 3395 1
881 3353 929 3402 Sed
939 3357 964 3402 et
974 3368 1015 3402 ιιιι
1026 3353 1086 3416 iar]
1103 3353 1170 3404 Hac
1181 3367 1237 3418 qne
1254 3359 1349 3403 tracta·

291 3431 302 3455 ⁸
320 3425 352 3471 Et
363 3432 444 3474 contro
455 3427 565 3490 leporem]
584 3426 684 3475 Plinius
696 3428 783 3477 Vnier.
825 3428 1020 3490 mus,remedin.

259 3510 301 3545 ιιι.
313 3502 353 3547 et.
371 3508 397 3546 et
410 3499 497 3548 Diosc.
509 3501 558 3548 loc.
570 3502 616 3549 cit.
855 3501 957 3552 *Porci
982 3504 1081 3568 ιιιιιιὶιιι]
1108 3503 1140 3553 In
1162 3503 1252 3553 Indice
1272 3503 1348 3566 hujus

290 3569 520 3636 'PericlitnatiburJ
543 3576 615 3626 Quos
641 3577 784 3640 ὑδροφόβουι
824 3579 882 3642 inci,
902 3580 1044 3640 ‘Porceili,
1059 3579 1215 3642 siveporci.¹
1244 3579 1348 3629 [sibu.

259 3655 363 3709 vocant,
375 3655 405 3697 ut
425 3649 532 3698 diximus
554 3655 669 3702 vncos.
686 3655 783 3702 Theod.
825 3661 864 3706 17.
880 3655 1020 3720 ‘porcator
1039 3657 1168 3706 marinus·
1185 3659 1347 3721 appellatur:

259 3719 409 3774 Priscianus
427 3740 458 3775 rr.
475 3731 498 3775 l.
510 3730 535 3775 8.
557 3726 783 3791 ‘Hydropbnbiein'
824 3731 962 3780 etiamnum
978 3731 1010 3780 ab
1028 3733 1110 3794 ltalia,
1124 3735 1271 3783 Percetteto:
1288 3749 1346 3784 nor·

259 3798 326 3848 dabo
347 3801 426 3850 etiam
445 3815 595 3852 cancrorum
623 3800 782 3854 fluviatilium
824 3806 872 3855 tris
885 3805 1071 3868 arrogarent
1092 3807 1201 3857 diximus
1221 3811 1279 3858 ioco
1302 3811 1348 3860 cit.

258 3874 614 3936 putrerrmcombustnrum.’
790 3906 792 3912 ¹
824 3881 864 3931 De
883 3881 1000 3932 sturione
1013 3883 1112 3932 marino
1132 3885 1191 3932 vide
1210 3885 1348 3936 chdelet.

290 3949 423 4004 ‘Quidum
439 3950 566 4016 adjiciunt]
591 3953 662 4004 Quot
680 3959 782 4005 mentm
822 3969 880 4006 ιιι.
902 3961 927 4005 9.
956 3972 1015 4022 pag.
1037 3961 1093 4007 tlt.
1133 3961 1227 4008 Marini
1248 3961 1349 4024 porcrrii

259 4024 493 4076 anniciorum.
821 4032 938 4081 meminit
958 4039 986 4081 et
1006 4033 1155 4083 Ambrosius
1174 4036 1200 4084 in
1221 4036 1347 4086 Hennam.

289 4097 301 4130 ¹¹
320 4101 491 4165 Nibiicutem]
509 4103 609 4153 Plinius
627 4119 668 4155 rx.
688 4109 728 4156 51.
747 4106 779 4156 de
820 4105 1042 4158 Judmortradenr
1054 4109 1237 4161 mariniacensi
1250 4113 1347 4176 porciu,

258 4176 374 4224 oneris:
397 4178 514 4230 ‘Contra
531 4182 691 4243 serpentium
712 4182 781 4232 ictui
821 4196 878 4233 crum
891 4182 1057 4234 terrestribus
1069 4185 1223 4238 abstineant.
